2472 3554
337 89 957 162 OBSERVATIONES
1014 94 1090 156 M
1093 92 1579 162 ETEOROLOGI
1581 101 1736 162 ΘΑΕ
1741 147 1752 159 .
1813 123 1845 174 3
1858 120 1889 160 2
1897 122 1931 178 3

336 253 388 318 6.
439 278 498 328 3.
545 261 782 333 Apparet
835 273 902 312 ex
946 254 1028 308 his
1068 251 1417 311 altitudinibus
1462 257 1795 334 Eurometri‚
1846 280 1940 319 ea-

176 358 301 403 rum
358 347 653 401 maximam
706 345 759 398 in
811 343 891 399 his
944 338 1188 392 vndecim
1243 342 1386 393 annis
1443 342 1587 399 fuiffe
1650 364 1747 413 30.
1809 353 1936 423 68,

177 446 401 503 eamque
445 431 605 486 semel
668 441 955 483 occurrere.
1043 423 1164 477 Fuit
1206 437 1383 478 autem
1428 445 1485 481 ca
1532 432 1693 484 Anno
1747 446 1929 504 1727,

175 512 403 571 Ianuarii
432 532 543 585 22,
591 528 830 597 tempore
858 507 1150 576 matutin0‚
1198 525 1319 561 cum
1368 511 1576 583 vespere
1622 517 1725 569 diei
1772 535 1930 590 prae-2

175 602 408 657 cedentis
449 597 575 655 effer
618 616 716 667 30.
761 602 869 663 64,
912 606 966 646 et
1007 592 1143 646 circa
1170 594 1448 648 meridiem
1488 598 1588 651 diei
1633 601 1783 671 ipsius
1831 621 1929 671 30

179 699 296 756 51,
340 687 395 739 in
436 685 704 740 serenitate
756 681 956 749 aliquot
997 676 1242 743 dierum,
1304 680 1385 732 sed
1441 680 1634 752 frigore
1691 687 1928 758 ingenti

176 785 233 825 et
277 771 435 826 flante
481 770 645 826 Euro,
725 762 960 818 Minima
1016 779 1150 817 vero
1220 761 1405 819 harum
1470 768 1804 824 altitudinum
1860 775 1931 827 eft

180 860 281 910 28.
330 862 439 924 18,
483 868 611 926 quae
654 847 818 901 etiam
863 847 1024 903 semel
1068 860 1275 904 tantum
1301 853 1544 907 occurrit.
1633 855 1844 909 Accidit
1870 872 1930 910 ea

174 941 340 998 Anno
388 955 575 1007 1729,
624 932 873 987 octobris
921 950 994 986 12
1026 975 1043 1003 ,
1101 934 1239 988 circa
1301 937 1582 992 meridiem
1624 980 1640 1005 ‚
1696 956 1818 993 cum
1876 942 1932 994 in

169 1024 400 1080 eiusdem
444 1023 545 1076 diei
589 1031 834 1090 tempore
867 1020 1129 1074 matutino
1176 1018 1348 1075 fuiffet
1387 1027 1479 1074 28.
1538 1027 1650 1093 26,
1693 1036 1748 1078 et
1790 1036 1936 1080 tem·-

170 1128 303 1184 pore
368 1104 661 1177 vespertino
720 1109 811 1156 28.
870 1123 984 1174 39,
1031 1107 1336 1177 tempestate
1383 1108 1670 1179 procellosa
1713 1123 1767 1164 et
1812 1111 1931 1183 plu-

169 1193 308 1250 uiosa
352 1192 548 1261 aliquot
590 1190 815 1244 dierum.
907 1191 992 1245 Eo
1034 1189 1147 1262 ipso
1179 1193 1349 1244 etiam
1391 1193 1478 1245 die
1531 1192 1681 1249 fluuii
1741 1196 1931 1252 Neuae

164 1278 321 1335 nostri
366 1276 645 1330 exundatio
687 1287 798 1328 erat
821 1275 1065 1328 omnium
1095 1277 1199 1328 fere
1238 1275 1510 1344 maxima,
1557 1296 1684 1349 quae
1728 1280 1932 1352 semper

162 1364 328 1418 creuit
375 1378 527 1433 usque
569 1362 632 1414 ad
681 1358 873 1414 horam
920 1364 977 1412 6.
1024 1360 1142 1433 post
1185 1361 1375 1416 merid.
1465 1361 1666 1417 Harum
1715 1365 1937 1419 duarum

161 1448 495 1502 altitudinum
539 1446 830 1500 differentia
874 1446 946 1501 est
998 1462 1052 1499 2.
1106 1461 1183 1512 50
1215 1489 1231 1517 ,
1273 1446 1362 1500 vel
1424 1447 1652 1519 praecise
1712 1458 1769 1516 2}
1812 1450 1936 1523 pol-

159 1532 326 1587 licum
382 1531 833 1601 Londinenfium‚
880 1545 937 1586 vt
982 1532 1113 1587 adeo
1161 1531 1269 1586 hoc
1310 1533 1531 1604 spatium
1576 1535 1931 1591 variationem

160 1615 462 1674 Barometri
484 1618 934 1690 Petropolitanam
963 1619 1260 1674 maximam
1288 1636 1443 1691 quam
1476 1622 1730 1692 proxime
1757 1622 1935 1676 deter-

162 1706 332 1761 minet
362 1746 378 1774 ,
439 1718 628 1777 vtpote
685 1704 934 1759 vndecim
1003 1720 1265 1758 annorum
1323 1718 1569 1777 tempore
1628 1706 1928 1775 definitum.

157 1785 223 1844 In
263 1789 723 1846 Transastionibus
767 1790 1074 1862 Anglicanis
1100 1788 1272 1845 Num.
1328 1806 1447 1859 294
1489 1808 1609 1863 pag.
1658 1808 1760 1860 45.
1811 1810 1938 1847 me-

144 1889 431 1947 rmoratur,
501 1873 819 1932 Derhamum
889 1878 1050 1931 vnico
1105 1893 1245 1930 anno
1293 1880 1446 1943 1698
1506 1876 1750 1948 reperiffe
1807 1877 1934 1934 alti-
2016 1927 2019 1930 ,

169 1960 395 2020 tudinem
439 1960 740 2017 Barometri
788 1964 1083 2018 maximam
1136 1978 1234 2029 30.
1285 1979 1365 2030 40
1395 2003 1413 2032 ‚
1470 1963 1751 2017 minimam
1803 1980 1934 2019 vero

175 2047 268 2097 28.
317 2052 407 2100 28.
453 2066 671 2121 quarum
699 2049 993 2104 differentia
1034 2048 1107 2103 est
1156 2064 1212 2101 2.
1271 2065 1366 2102 12.
1417 2046 1480 2103 Iu
1508 2049 1739 2103 Historia
1784 2049 1936 2104 Aca-

170 2127 376 2184 demiae
421 2131 765 2190 Scientiarum
809 2135 1062 2190 Parisinae
1117 2134 1350 2190 scribitur
1394 2175 1410 2203 ,
1468 2138 1768 2189 maximam
1824 2131 1937 2189 Ba-

169 2216 390 2270 rometri
449 2219 693 2292 simplicis
749 2217 1082 2276 altitudinem
1127 2220 1396 2274 inuentam
1443 2219 1544 2274 effe
1588 2221 1644 2274 in
1692 2217 1931 2275 mensura

174 2296 393 2355 Parifina
439 2308 507 2356 28
553 2305 683 2377 poll.
734 2323 776 2373 4
821 2305 917 2361 lin.
981 2318 1036 2360 et
1091 2306 1375 2361 minimam
1435 2312 1514 2358 26
1567 2305 1700 2378 poll.
1747 2324 1788 2373 4
1835 2306 1932 2361 liu.

175 2398 390 2455 quarum
431 2387 709 2458 differentia
755 2391 827 2446 est
873 2408 907 2446 2
955 2391 1255 2464 pollicum3
1315 2388 1533 2446 assumta
1588 2393 1746 2465 igitur
1802 2408 1935 2463 pro-

172 2469 420 2541 portione
467 2474 602 2542 pedis
642 2476 982 2534 Londinenfis
1039 2478 1101 2532 ad
1132 2478 1336 2550 ‘pedem
1386 2477 1665 2533 Parifinum
1712 2494 1789 2531 :z
1840 2489 1930 2550 15:

182 2556 293 2624 16,
338 2554 436 2607 erit
476 2553 599 2611 haec
637 2561 1004 2620 differentiam
1029 2563 1199 2618 nostra
1238 2562 1477 2618 mensura
1531 2577 1708 2626 2.13
1735 2603 1750 2631 ,
1800 2576 1932 2631 quae

172 2637 280 2694 fiere
324 2639 571 2695 coincidit
615 2661 732 2702 cum
778 2665 871 2718 ea,
915 2667 1075 2723 quam
1119 2650 1319 2705 inuenit
1360 2647 1653 2704 Dethamus
1694 2647 1747 2701 in
1811 2646 1933 2701 An·-

169 2722 296 2796 glia.
344 2723 608 2783 Praeterea
649 2730 704 2785 in
744 2733 1006 2794 Transast.
1058 2734 1275 2807 Anglic.
1328 2746 1684 2806 memoratur,
1740 2732 1796 2788 in
1838 2731 1936 2786 In-

216 2807 272 2866 T
270 2825 365 2866 om
414 2809 536 2869 IX.
1015 2818 1056 2882 5
1100 2836 1129 2879 5
1830 2816 1936 2873 sula
