2472 3554
411 234 489 295 τε
875 223 986 289 DE
1027 224 1264 287 MOTV
1310 224 1684 307 AQVARVM

400 395 578 469 liquor
620 408 713 466 per
756 389 1016 464 gurgitem
1062 399 1314 461 cogatur,
1370 384 1766 458 qualemcunque
1810 385 1998 443 habeat
2051 387 2174 445 lati-

403 482 644 536 tudinem
693 473 846 548 HG,
898 477 1064 532 modo
1107 475 1170 530 fit
1227 471 1432 526 infinite
1489 490 1677 544 parua,
1733 486 1778 526 et
1830 476 2175 547 cuiuscunque

399 566 459 626 fit
484 577 694 620 naturae
718 566 857 620 linea
882 561 910 617 I
928 562 1082 634 ΜΡ,
1127 575 1258 634 quae
1284 558 1551 613 connectit
1576 555 1924 615 extremitates
1946 559 1971 616 Ι
1997 573 2052 614 et
2076 560 2143 616 F,

558 699 602 764 §.
650 708 710 762 7.
756 691 945 748 Nemo
988 702 1136 764 putet
1183 691 1299 746 vim
1343 688 1491 743 illam
1539 688 1822 741 motricem
1870 685 2019 760 (quae
2056 687 2180 744 exi-

400 796 559 855 guam
605 782 738 836 adeo
793 779 908 834 imo
981 776 1188 831 infinite
1243 791 1458 849 paruam
1517 772 1903 845 portiunculam
1966 775 2180 848 liquoris

403 884 498 940 per
539 867 802 939 gurgitem
852 865 1142 936 protrudit)
1187 861 1378 916 debere
1422 872 1474 912 et
1516 859 1682 929 ipsam
1708 859 1811 912 effe
1837 857 2038 912 infinite
2059 878 2183 933 par-

404 968 526 1007 uam
572 955 804 1023 adeoque
848 949 1120 1002 contemni
1165 948 1330 1016 posse.
1421 943 1512 998 Est
1557 944 1704 997 enim
1749 946 1974 998 omnino
2011 943 2188 1001 finitae
2234 970 2237 973 ·

405 1038 706 1111 quantitatis
751 1035 840 1086 illa
886 1036 967 1085 vis
1012 1031 1251 1099 motrix,
1300 1029 1424 1082 ideo
1468 1027 1588 1098 quia
1632 1027 1669 1080 si
1714 1032 1969 1100 quantitas
2020 1044 2188 1087 mate-

400 1124 508 1177 riae
553 1119 844 1174 mouendae
894 1117 967 1171 est
996 1114 1202 1169 infinite
1248 1129 1441 1186 parua,
1486 1127 1557 1164 ex
1599 1112 1761 1166 altera
1805 1128 1951 1185 parte
1988 1116 2069 1169 vis
2104 1131 2197 1169 ac-

402 1206 684 1263 celeratrix
727 1203 880 1258 debet
924 1202 1028 1258 esse
1071 1199 1279 1255 infinite
1327 1215 1556 1269 magna
1624 1197 1688 1250 ad
1735 1197 1791 1251 id
1834 1201 2085 1256 nimirum
2135 1211 2197 1256 vt:

405 1289 736 1371 tempusculo
781 1287 983 1342 infinite
1028 1303 1223 1360 paru0,
1268 1301 1369 1357 quo
1405 1284 1579 1355 liquor
1615 1273 1869 1354 percurrit
1913 1284 2196 1356 spatiolum

407 1373 557 1446 HG,
604 1376 840 1447 generari
887 1388 1066 1429 tamen
1110 1370 1261 1445 poffit
1309 1370 1535 1426 mutatio
1583 1367 1733 1422 finita
1778 1369 1834 1423 in
1877 1370 2197 1466 velocitate,

406 1473 595 1535 vtpote
638 1479 699 1516 ea
742 1478 872 1534 quae
915 1460 1080 1516 fuerat
1120 1457 1374 1514 velocitas
1423 1456 1479 1509 in
1527 1452 1581 1508 H
1640 1455 1705 1510 ad
1750 1470 1870 1512 eam
1914 1473 2042 1530 quae
2085 1457 2198 1514 i'am

408 1548 485 1605 est
528 1549 582 1603 in
625 1542 715 1619 G,
755 1546 803 1601 se
847 1545 1005 1602 habet
1046 1557 1105 1622 vt
1149 1538 1262 1600 GF
1304 1543 1368 1598 ad
1416 1539 1530 1597 HI.

563 1680 609 1746 ξ.
663 1682 715 1732 8.
762 1676 1050 1750 Neglec’tio
1093 1676 1242 1733 huius
1284 1674 1364 1729 vis
1405 1674 1679 1744 motricis,
1729 1686 1975 1748 tanquam
2013 1673 2204 1732 nullius

409 1765 710 1834 momenti,
763 1765 818 1818 in
862 1766 1005 1818 causa
1052 1763 1177 1832 fuit,
1225 1778 1316 1816 cur
1359 1777 1524 1815 nemo
1568 1762 1631 1816 ad
1676 1760 1819 1816 hunc
1861 1776 2014 1833 Vsque
2051 1762 2201 1816 diem

410 1849 678 1918 extiterit,
746 1850 834 1922 qui
887 1864 957 1903 ex
1011 1849 1281 1921 principiis
1337 1846 1524 1901 staticis
1576 1858 1630 1900 et
1689 1863 1814 1921 pure
1876 1843 2205 1901 mechanicis

411 1933 535 1987 dare
580 1937 812 2006 potuerit
857 1935 996 2006 leges
1040 1935 1305 2007 liquorum
1353 1949 1446 2004 per
1489 1931 1693 1987 canales
1746 1949 1856 1987 non
1907 1933 2204 1987 vniiormes

410 2017 720 2090 fluentium,
764 2020 848 2074 sed
892 2021 1177 2093 quicunque
1231 2019 1562 2088 susceperunt
1617 2018 1730 2073 illas
1785 2017 1971 2071 exacte
2027 2017 2204 2070 deter-

413 2105 646 2175 minare,
689 2118 1017 2161 recurrerunt
1062 2123 1189 2160 meo
1236 2104 1452 2176 quidem
1495 2104 1754 2175 exemplo
1788 2104 1853 2156 ad
1878 2101 2201 2173 principium

413 2188 612 2243 virium
656 2193 935 2261 vittarum,
980 2192 1046 2245 de
1090 2192 1233 2244 cuius
1277 2187 1632 2261 applicatione
1675 2189 1738 2242 ad
1781 2187 1884 2241 hoc
1924 2186 2200 2257 negotium

413 2273 617 2344 aliaque
662 2276 715 2328 in
759 2276 937 2330 soiidis
979 2293 1138 2347 aeque
1182 2292 1241 2327 ac
1285 2275 1339 2325 in
1383 2273 1556 2327 fluidis
1599 2271 1765 2327 forsan
1811 2288 2074 2342 nunquam
2102 2289 2202 2326 co-

415 2357 691 2430 gitaffent,
749 2361 786 2414 fi
834 2377 923 2414 me
968 2371 1303 2431 praeeuntem
1356 2374 1459 2410 non
1514 2358 1825 2427 habuissent,
1874 2358 1963 2428 qui
2006 2358 2199 2430 quippe
2272 2348 2274 2353 ’

410 2446 619 2516 'primus
661 2446 818 2500 docui
864 2444 1004 2498 hunc
1049 2445 1197 2498 Vsum
1251 2445 1483 2497 deriuare
1544 2458 1614 2496 ex
1662 2442 2052 2498 consternatione
2117 2445 2204 2498 vi-

415 2531 556 2583 rium
601 2532 862 2584 viu-arum.
952 2528 1058 2583 Sed
1102 2529 1208 2601 ipse
1252 2545 1355 2600 ego
1399 2544 1510 2581 non
1563 2526 1678 2583 satis
1732 2541 2005 2584 contentus
2059 2530 2199 2585 indi-

415 2615 557 2669 reeta
602 2614 697 2669 hac
754 2614 1054 2683 methodO,
1114 2626 1300 2686 vtpote
1352 2612 1558 2668 fundata
1617 2615 1671 2667 in
1728 2614 1933 2669 theoria
1988 2614 2203 2671 iilarum

421 2701 617 2754 ’virium
660 2719 691 2755 a
740 2701 921 2755 multis
963 2701 1201 2753 nondum
1245 2694 1495 2768 admiffa,
1553 2716 1661 2753 non
1719 2701 1887 2755 destiti
1939 2701 2203 2773 inquirere

417 2785 473 2838 in
525 2785 841 2840 methodum
886 2786 1176 2854 directam,
1233 2800 1365 2856 quae
1420 2785 1671 2839 niteretur
1728 2787 1880 2840 vnice
1921 2781 2203 2859 &principiis

419 2870 708 2940 dynamicis
751 2888 780 2927 a
823 2871 1036 2929 nemine
1079 2871 1277 2944 negatis
1301 2911 1319 2940 ,
1358 2870 1528 2927 donec
1570 2871 1783 2928 tandem
1826 2872 1940 2949 pest
1968 2873 2200 2929 medita-

1987 2959 2196 3014 tionem
