2472 3554
479 122 597 182 DE
639 113 1223 181 FRACTIONIBVS
1267 75 1722 191 coNTJNVJs.
1939 159 2014 209 99

212 285 469 344 diuisione
509 287 643 341 inter
685 286 731 340 se
776 279 1174 348 connestuntur‚
1219 297 1347 352 quas
1398 285 1550 342 series
1594 305 1870 366 propterea
1916 299 2022 356 fra-

214 375 420 430 <stiones
461 375 730 428 continuas
770 365 1029 439 appellare
1071 368 1368 422 conueniet.
1417 371 1598 430 Minus
1622 382 1834 450 quidem
1862 385 2018 441 vlita-

213 473 325 515 tum
374 460 447 515 est
489 459 593 513 hoc
635 457 877 510 seriei-um
916 451 1325 520 genusduobus
1369 457 1611 535 reliqui53
1662 464 1744 522 sed
1784 486 1891 524 non
1929 470 2016 523 so..

211 545 326 600 lum
386 561 547 618 aeque
588 538 821 596 distinete
855 535 1100 591 valorem
1138 539 1466 613 quantitatiS,
1514 564 1668 618 quam
1721 556 2010 628 exprimit,

210 634 284 685 ob
329 632 512 685 oculos
560 625 738 698 ponit,
786 636 974 676 verum
1030 622 1191 676 etiam
1248 641 1499 697 perquam
1557 635 1629 688 est
1697 652 1877 709 aptum
1942 645 2009 698 ad

208 716 450 770 valorem
493 713 636 766 illum
681 708 931 779 proxime
958 708 1351 764 inueniendum.
1443 715 1578 770 Tam
1608 738 1790 790 parum
1829 741 2008 783 autem

209 801 314 855 hoc
357 801 589 855 serierum
633 809 796 864 genus
841 794 1135 847 etiamnum
1194 796 1265 850 est
1321 800 1626 871 excultum,
1688 821 1747 861 vt
1805 826 2009 880 praeter

132 943 141 951 θ
210 903 368 942 vnam
401 883 482 937 vel
516 880 732 934 alteram
773 878 924 933 huius
959 882 1164 950 generis
1201 882 1384 937 seriem
1424 886 1529 941 iam
1559 893 1866 964 cognitam,
1911 914 2009 950 ne-

207 971 416 1044 quidem
469 963 753 1021 methodus
807 964 1056 1019 habeatur
1105 966 1192 1020 vel
1249 968 1553 1027 huiusmodi
1600 974 1841 1033 seriernm
1912 998 2011 1035 ve-

204 1073 291 1110 ros
332 1051 534 1107 valores
581 1051 883 1104 inueniendi
931 1050 1021 1103 vel
1067 1053 1210 1106 datas
1255 1058 1566 1125 quantitates
1593 1065 2011 1122 transcendentes

199 1141 253 1193 in
297 1139 420 1192 tales
460 1136 809 1207 expressiones
852 1138 1214 1192 conuertendi„
1266 1138 1406 1195 Cum
1451 1144 1608 1215 igitur
1657 1149 1761 1203 iam
1799 1154 2010 1222 pridem

198 1225 251 1277 in
294 1222 375 1277 his
418 1220 758 1277 frastionibus
792 1224 1053 1284 continuis
1088 1227 1455 1281 examinandis
1491 1230 1875 1302 laborauerim,
1924 1251 2010 1292 at-

193 1325 290 1381 que
326 1308 470 1379 plura
508 1325 630 1362 cum
669 1309 732 1362 ad
768 1325 947 1361 earum
988 1306 1135 1376 vsum
1176 1321 1289 1363 tum
1330 1311 1693 1371 inuentionem
1733 1324 2007 1391 pertinen-

191 1395 261 1450 tia
310 1411 415 1447 non
471 1396 620 1466 parui
677 1394 945 1449 momenti
999 1393 1421 1466 obseruauerim,
1477 1416 1535 1453 ea
1592 1401 1677 1456 hic
1735 1423 2005 1478 exponere

188 1480 468 1550 constitui,
528 1498 632 1552 quo
670 1481 783 1535 aliis
821 1482 965 1534 viam
1004 1481 1209 1534 easdem
1251 1482 1503 1537 trastandi
1546 1489 1839 1559 planiorem
1883 1494 2005 1550 effi-

189 1581 383 1621 cerem.
472 1566 734 1642 Quamuis
769 1567 915 1620 enim
958 1568 1194 1621 nondum
1234 1570 1296 1622 ad
1346 1560 1673 1643 completam
1716 1576 1864 1632 huius
1899 1581 1998 1633 do-

185 1650 379 1707 &rinae
423 1651 685 1707 theoriam
732 1653 1061 1726 pertigerim,
1107 1667 1286 1708 tamen
1326 1654 1496 1726 haee,
1540 1677 1670 1730 quae
1699 1680 1897 1735 magno
1922 1665 2003 1721 la-

181 1738 311 1793 bore
353 1737 542 1808 elicui,
591 1739 784 1812 insigne
829 1740 1193 1794 adiumentum
1233 1739 1449 1798 allatura
1485 1745 1591 1799 eise
1636 1748 1886 1819 confidO,
1934 1751 2000 1807 ad

108 1848 110 1850 ·
177 1824 326 1880 istam
367 1825 667 1880 doctrinam
713 1827 882 1899 magis
926 1815 1322 1898 perficiendam.

340 1948 389 2016 §.
440 1975 493 2024 3.
547 1957 669 2031 Quo
712 1956 901 2028 igitur,
944 1957 1064 2026 quid
1102 1959 1325 2015 nomine
1364 1959 1677 2018 fractionum
1719 1969 1998 2025 continua-

185 2060 300 2098 rum
356 2042 686 2115 intelligam,
730 2042 915 2096 clarius
971 2045 1320 2117 percipiatur,
1375 2050 1754 2123 amplissimum
1811 2073 1994 2112 earum

183 2129 489 2202 exemplum
537 2141 658 2183 ante
703 2129 887 2182 omnia
930 2128 1186 2184 exhibeo:

336 2268 521 2320 a-l-ot

992 2849 1136 2906 N2
1911 2869 1984 2913 ex
