2472 3554
276 219 422 282 PER
472 213 662 286 VASA
710 202 1044 282 AVT‘PER
1087 200 1450 273 CANALES
1496 206 2039 290 FLV'ENTIVM.9

926 364 1346 446 Monitum.

428 499 645 556 Monere
688 493 793 545 iam
843 487 1068 555 conuenit
1119 489 1170 542 in
1225 481 1509 561 anteceffum
1525 530 1541 558 ‚
1612 505 1689 545 me
1732 499 1833 564 per
1883 500 2039 550 totam

269 584 405 642 hanc
445 582 782 640 traiiationem
822 571 882 625 de
923 581 1052 625 motu
1093 587 1338 646 aquarum
1365 575 1629 645 fluentium
1676 576 1967 651 abstrahere
2003 595 2040 636 a

263 669 628 746 coifideratione
667 658 1111 730 impedimentorum
1151 661 1521 733 peregrinorum
1556 670 1605 716 et
1629 663 2007 720 accidentalium
2020 706 2038 736 ‚

263 772 390 831 quae
453 752 670 807 uberare
717 738 911 817 poffimt
963 753 1141 799 motum
1202 755 1301 819 per
1356 745 1560 817 regulas
1626 746 2040 824 determinatum;

264 842 420 898 Talia
454 831 799 905 impedimenta
825 824 946 902 sunt
990 847 1239 906 aquarum
1282 831 1575 907 imperfecta
1600 831 1844 906 fluiditas
1860 877 1876 906 ,
1923 839 2045 892 item

263 926 450 983 illarum
492 914 729 991 adhaefio
783 927 933 990 atque
973 917 1154 994 frictio
1206 918 1282 973 ad
1330 917 1499 977 latera
1553 915 1780 989 vasorum
1797 961 1814 991 ‚
1886 923 2043 977 nimia

257 1010 467 1067 tuborum
496 1003 772 1076 gracilitas
790 1046 804 1073 ,
832 1073 835 1077 Δ
836 1003 1144 1079 foraminum
1172 999 1266 1076 seu
1304 1003 1532 1060 luminum
1579 1006 1835 1080 angifiiaj
1893 1016 2040 1063 tenua

249 1098 378 1151 citas
411 1089 779 1166 particularum
814 1090 1089 1163 fluidarum
1149 1091 1207 1144 ob
1262 1106 1412 1163 quam
1465 1107 1556 1146 non
1596 1090 1850 1167 facillime
1904 1110 1939 1148 a
1978 1084 2040 1165 Je
2138 1099 2145 1108 '

246 1181 452 1236 inuicem
479 1172 717 1250 secedunt
733 1218 747 1246 ‚
793 1185 842 1230 et
868 1191 996 1250 quae
1022 1172 1142 1250 sunt
1184 1175 1293 1232 alia
1336 1175 1610 1233 huiusmodi
1657 1178 1732 1231 ad
1770 1192 1898 1250 quae
1948 1193 2041 1233 non

245 1265 459 1321 attendo.
551 1264 608 1320 H
611 1278 666 1318 oc
709 1278 891 1336 quoque
932 1266 1098 1318 notari
1142 1261 1294 1317 velim
1312 1305 1327 1331 ‚
1372 1278 1463 1316 non
1505 1260 1595 1339 effe
1649 1257 1895 1335 absolutae
1950 1280 2040 1319 ne-

244 1351 482 1421 ceffltatis
522 1358 581 1406 vt
606 1344 806 1423 semper
849 1363 1094 1422 aquarum
1121 1348 1299 1424 strata
1340 1351 1391 1404 in
1416 1349 1524 1423 sttu
1576 1345 1880 1404 horizontali
1921 1366 2038 1405 con*

243 1440 497 1512 cipiantur
513 1479 529 1507 ,
577 1436 866 1491 commodius
910 1433 1002 1491 illa
1024 1437 1290 1508 finguntur
1325 1432 1766 1509 perpendicularia
1809 1436 1884 1491 ad
1901 1437 2041 1492 dire⁴

242 1524 449 1581 ctionem
490 1532 646 1579 motus
687 1539 852 1598 aquae
866 1563 882 1591 ‚
913 1524 994 1597 stc
1035 1540 1117 1578 ex.
1133 1539 1224 1594 gr.
1272 1539 1380 1577 cum
1439 1535 1577 1594 aqua
1630 1537 1695 1576 ex
1751 1515 1871 1594 vase
1923 1539 2038 1578 am·-

235 1611 389 1688 pliori
448 1611 709 1684 transfluit
754 1612 813 1685 in
866 1609 1050 1664 tubum·
1086 1608 1405 1684 angcfiiorem
1474 1606 1836 1665 horizontalem
1901 1611 2039 1664 cuius

238 1700 425 1769 orfficii
465 1697 553 1753 vel
591 1696 786 1755 luminis
828 1712 956 1751 area
980 1698 1055 1773 stt
1102 1700 1153 1753 in
1190 1695 1341 1773 plano
1388 1694 1625 1757 verticali
1677 1703 1728 1751 et
1780 1693 1856 1749 ad
1908 1693 2042 1751 latus

243 1787 347 1843 tubi
387 1784 521 1843 recto
536 1827 552 1856 ,
601 1798 734 1859 aqua
779 1785 830 1839 in
872 1784 983 1838 tubo
1024 1791 1252 1840 contenta
1292 1782 1551 1851 retiiffime
1607 1781 1764 1836 diuidi
1824 1783 2043 1855 concipi—-

242 1883 327 1928 tur
368 1876 419 1928 in
433 1872 619 1948 strata
663 1869 936 1928 verticalia
990 1879 1041 1925 et
1084 1870 1238 1946 plano
1290 1868 1486 1925 luminis
1531 1866 1791 1943 parallela
1808 1909 1823 1938 ,
1892 1883 2039 1941 eoque

242 1963 405 2031 magis
447 1960 576 2033 quod
613 1952 720 2032 ipsa
761 1966 945 2012 natura
987 1955 1115 2015 hunc
1157 1957 1297 2032 quast
1321 1957 1476 2031 sttum
1517 1954 1764 2032 affectam
1812 1954 2037 2008 videmus

241 2049 371 2103 enim
413 2046 683 2102 columnam
724 2060 935 2118 aqueum
977 2047 1029 2100 in
1070 2045 1181 2100 tubo
1225 2041 1389 2117 aliquo
1437 2042 1562 2097 duas
1609 2040 1767 2096 lineas
1824 2042 1875 2095 in
1918 2040 2038 2095 dia-

243 2142 398 2191 metro
443 2150 535 2189 non
577 2131 776 2187 multum
817 2131 1082 2187 excedente
1123 2130 1313 2188 habere
1365 2128 1544 2184 ambas
1581 2122 1709 2200 suas
1746 2119 2040 2200 superficies

242 2231 496 2277 extremas
539 2220 800 2294 disposttas
844 2218 919 2272 ad
942 2219 1099 2292 fitum
1138 2214 1599 2291 perpendicularem
1642 2211 1881 2267 lateribus
1905 2212 2032 2282 tubi,

169 2308 172 2311 ⁴
247 2311 470 2378 quamuis
512 2307 654 2361 tubus
698 2299 795 2378 ipse
817 2305 894 2378 stt
951 2304 1027 2358 ad
1075 2302 1380 2360 horizontem
1444 2300 1661 2373 obliquus
1713 2298 1803 2353 vel
1848 2300 2040 2355 omnino

250 2390 589 2449 horizontalis.
681 2393 845 2447 Linea
890 2393 1177 2463 coniungens
1222 2397 1398 2445 centra
1426 2387 1710 2460 grauitatis
1737 2384 1801 2461 st
1817 2394 2036 2454 ameum,

234 2476 342 2550 flue
369 2480 442 2552 stt
481 2479 621 2548 rec'ta
664 2488 724 2534 <vt
769 2482 822 2535 in
864 2477 994 2533 tubis
1034 2476 1301 2533 rectilineis
1316 2517 1332 2544 ,
1366 2475 1472 2550 fiue
1515 2489 1669 2529 curua
1715 2480 1775 2526 vt
1816 2474 1867 2527 in
1909 2471 2041 2525 tubis

253 2563 555 2637 curuilineis,
599 2566 862 2621 vocabitur
906 2564 1072 2619 Linea
1118 2563 1345 2617 centrica
1389 2560 1477 2615 vel
1495 2557 1797 2635 fimpliciter
1838 2555 2040 2610 centri-

257 2663 351 2716 αις
385 2650 577 2720 fingula
621 2654 796 2727 quippe
833 2651 1009 2728 strata
1063 2651 1227 2724 quoad
1280 2650 1548 2703 materiam
1604 2649 1654 2701 in
1709 2645 1890 2699 centris
1927 2635 2039 2713 suis

259 2731 457 2787 collecta
509 2753 612 2792 eum
667 2737 857 2797 hahere
919 2747 1098 2794 motum
1163 2728 1412 2810 censentur
1476 2747 1624 2809 quam
1690 2723 1796 2805 ipsa
1850 2725 2040 2797 habent

237 2819 434 2897 strata.

257 2902 410 2963 Tom.
441 2902 562 2962 IX.
1067 2907 1116 2964 B
1332 2922 1333 2925 ¹
1867 2895 2028 2957 DIS-
