2472 3554
542 214 633 273 IN
674 205 1148 272 COLLJSJONE
1193 206 1641 271 conforma,
1940 229 1971 287 ς
1986 231 2013 275 2

247 375 490 447 cognitae
535 375 758 429 minime
800 366 1071 423 sufficiunt.
1167 367 1328 443 Quod
1374 381 1433 424 vt
1473 374 1642 444 magis
1688 370 1780 429 fiat
1823 374 2026 448 perspi-

248 480 405 518 cuum
451 461 514 515 ad
560 459 661 513 hoc
706 454 967 510 attendere
1013 464 1233 521 oportet
1263 493 1278 521 ,
1322 457 1463 524 quod
1506 460 1712 528 regulae
1737 460 1870 515 circa
1898 477 2027 518 mo·-

245 561 328 604 tus
371 540 908 600 communicationem
954 538 1172 590 traditae
1215 539 1270 591 in
1315 539 1573 594 eiusmodi
1602 558 1803 599 tantum
1860 546 2025 603 colli-

247 631 475 690 sionibus
516 631 683 682 locum
730 624 1032 686 inueniant,
1082 622 1137 674 in
1191 623 1375 694 quibus
1430 625 1568 679 resta
1622 646 1906 702 corporum
1962 634 2020 689 in

245 718 295 773 se
356 717 578 772 inuicem
637 707 1052 780 impingentium
1113 723 1288 764 centra
1342 711 1612 781 grauitatis
1664 714 1880 784 iungens
1929 733 2021 789 pet

241 802 407 875 ipsum
450 795 695 870 punitum
740 792 985 864 impulsus
1031 805 1292 862 transeat,
1335 811 1489 867 atque
1535 798 1589 850 in
1625 800 1925 856 coiita6tum
1956 802 2023 859 si·-

241 887 353 943 mul
392 885 447 940 sit
491 878 778 949 normali53
824 896 1044 951 quarnm
1088 880 1449 936 conditionum
1497 883 1589 937 nisi
1616 896 1832 956 vtraque
1868 888 2023 958 adsit,

239 962 511 1037 doctrina,
566 981 720 1036 quam
784 964 846 1018 de
916 964 1318 1038 percussionibus
1377 967 1665 1036 habemus,
1729 987 2021 1042 perperam

236 1055 537 1121 adhibetur3
584 1061 638 1104 et
684 1049 846 1122 qualis
891 1052 944 1105 in
968 1050 1271 1123 ‘huiusmogi
1298 1052 1656 1108 collisionibus
1681 1069 1860 1110 motus
1883 1071 2022 1112 mu·

234 1141 360 1196 tatio
402 1135 752 1209 producatur,
798 1135 968 1191 adhuc
1014 1139 1256 1192 maxime
1310 1139 1457 1194 latet.
1544 1138 1770 1195 Interim
1832 1154 2014 1201 tamen

228 1240 297 1280 ex
338 1222 419 1277 his
461 1221 576 1276 sati-s
620 1221 966 1294 intelligitur,
1012 1223 1211 1295 regulas
1248 1239 1486 1296 receptas
1513 1225 1564 1280 in
1590 1225 1861 1281 collisione
1887 1245 2016 1284 cor-

220 1326 411 1385 porum
456 1305 843 1380 spii-aencorum
890 1307 1093 1382 semper
1136 1323 1250 1364 tuto
1297 1310 1526 1384 vsurpari
1571 1311 1749 1383 poffe,
1806 1312 1842 1366 si
1893 1314 2016 1386 qui-

221 1396 341 1462 dem
386 1412 573 1451 eorum
619 1408 793 1451 centra
840 1395 1109 1468 grauitatis
1159 1397 1213 1451 in
1258 1395 1362 1470 ipsa
1407 1396 1606 1469 figurae
1654 1411 1830 1451 centra
1877 1399 2016 1453 inci·-

216 1482 356 1537 dant.
485 1482 634 1538 Nam
680 1484 1160 1556 quomodocunque
1203 1484 1310 1538 duo
1353 1483 1502 1555 globi
1550 1484 1639 1539 sibi
1687 1498 1874 1539 mutuo
1917 1501 2014 1540 oc-

215 1581 455 1638 currant,
512 1569 650 1626 rec'ta
707 1585 802 1642 per
858 1587 1046 1624 eorum
1100 1579 1277 1624 centra
1336 1573 1587 1625 transiens
1641 1587 1847 1644 quoque
1914 1586 2012 1644 per

214 1656 463 1729 punstum
509 1655 781 1710 contastus
824 1656 1095 1725 transibit,
1160 1657 1362 1728 eritque
1416 1658 1471 1711 in
1526 1657 1829 1712 contastum
1886 1674 2010 1730 per-

213 1741 578 1813 pendiculariS.
670 1743 897 1819 Quoties
940 1756 1114 1796 autem
1163 1743 1459 1812 contingit,
1504 1756 1563 1797 vt
1606 1744 1835 1799 duorum
1881 1759 2010 1797 cor-

211 1844 406 1900 porum
453 1827 500 1881 se
544 1840 734 1883 mutuo
778 1827 1185 1899 percutientium
1232 1829 1372 1882 resta
1415 1846 1602 1883 eorum
1649 1843 1824 1883 centra
1881 1845 2007 1900 gra-

211 1914 383 1968 uitatis
425 1915 640 1986 iungens
681 1930 789 1967 non
836 1931 926 1986 per
971 1913 1139 1986 ipsum
1166 1914 1468 1969 contaetum
1495 1914 1810 1969 normaliter
1835 1926 2008 1969 trans-

214 2014 332 2070 eat,
374 2002 532 2054 toties
586 2002 796 2073 regulae
849 1999 1125 2054 consuetae
1190 2000 1379 2054 nullius
1442 2012 1595 2054 erunt
1643 2000 1770 2054 vsuS.
1861 1998 2004 2054 Huic

212 2083 369 2155 igitur
411 2085 635 2142 defeetui
681 2104 804 2141 cum
855 2084 967 2141 Cel.
1026 2087 1165 2140 Dan.
1214 2085 1458 2141 Bernoulli
1502 2085 1769 2140 subuenire
1822 2086 1869 2139 se
1919 2085 2008 2139 in-

217 2168 421 2226 stituiff'e
465 2173 600 2228 mihi
641 2190 808 2245 nuper
852 2170 1204 2243 significasset,
1269 2189 1461 2244 meque
1518 2174 1580 2227 ad
1637 2172 1866 2225 eundem
1922 2170 2006 2225 la-

219 2253 402 2312 borem
445 2257 823 2332 suscipiendum
883 2258 1191 2325 excitasset,
1261 2269 1370 2312 tam
1430 2270 1650 2329 propter
1703 2256 1866 2328 ipsam
1923 2254 2004 2311 rei

217 2338 518 2410 dignitatem
562 2362 719 2418 quam
766 2345 997 2399 amicam
1043 2344 1473 2398 admonitionem
1523 2343 1692 2398 statim
1740 2342 1843 2397 hoc
1903 2358 2006 2395 ne-

223 2426 421 2492 gotium
462 2427 570 2484 sum
619 2425 910 2503 aggreffiis3
954 2430 1008 2483 in
1053 2446 1158 2502 quo
1201 2429 1375 2483 eidem
1424 2429 1575 2499 viae,
1622 2445 1719 2501 qua
1753 2441 1873 2482 ante
1899 2427 2001 2481 ali-

221 2522 345 2578 quot
385 2529 541 2569 annos
584 2517 788 2588 regulas
829 2516 1329 2571 communicationis
1378 2529 1556 2570 motus
1598 2515 1842 2586 vulgares
1898 2512 2001 2565 eli-

219 2593 336 2660 cui,
382 2595 628 2669 insistens,
671 2615 823 2674 atque
867 2602 1175 2674 quibusdam
1221 2601 1370 2655 nouis
1413 2620 1440 2656 a
1486 2618 1589 2655 me¹
1619 2618 1725 2655 non
1789 2598 1996 2669 pridem

217 2678 434 2732 detectis
475 2685 739 2758 principiis
784 2686 1102 2742 mechanicis
1148 2688 1203 2740 in
1252 2686 1529 2742 subfidium
1586 2685 1819 2752 vocatis,
1877 2695 1998 2737 tan-

218 2764 342 2817 dem
394 2767 680 2835 praefixum
729 2774 877 2845 attigi
926 2772 1165 2848 scopum.
1250 2772 1359 2829 Has
1410 2775 1568 2846 igitur
1625 2770 1996 2825 meditationes

213 2850 456 2928 measain
498 2854 740 2915 ordinem
779 2859 1096 2933 disponere,
1139 2872 1294 2933 atque
1334 2860 1472 2918 clare
1514 2855 1778 2933 explicare
1823 2851 1992 2909 visum

987 2939 1041 3002 G
1088 2960 1125 2999 2
1881 2938 1986 3015 est,
