2472 3554
574 127 689 193 ,ιβ
944 115 1076 190 m:
1117 111 1542 192 AscENsV
1577 109 1891 194 AQVAE

572 280 730 336 tando
773 278 896 333 tubo
943 293 1097 350 opera
1141 277 1300 332 danda
1348 275 1420 331 est
1446 316 1463 346 ,
1528 285 1584 329 vt
1624 290 1710 346 per
1753 271 2054 347 frastionem
2102 269 2334 331 fiiccuffio

573 382 726 438 quam
774 365 992 435 minima
1033 362 1143 430 fiat.
1230 363 1317 418 Ad
1360 364 1562 435 scopum
1604 360 1939 415 obtinendum
1980 359 2186 432 quidem
2231 375 2336 436 non

574 468 702 524 opus
738 451 808 505 est
844 450 1164 505 euacuatione
1209 449 1312 504 tubi
1353 461 1403 502 et
1440 465 1569 502 noua
1613 447 1823 520 repetita
1866 445 2178 517 repletione,
2225 444 2339 516 quia

573 537 732 592 etiam
779 537 891 610 post
934 537 1295 590 decurtationes
1342 533 1447 589 satis
1490 534 1733 588 obseruari
1777 531 1942 606 potest
1967 522 1988 600 ,’
2049 546 2174 585 num
2220 545 2343 602 aqua

579 623 643 678 ad
688 624 947 679 minorem
990 621 1304 677 altitudinem
1349 621 1571 677 subsidat.
1660 620 1718 675 Si
1758 620 1838 673 cui
1884 631 2056 672 tamen
2099 617 2187 671 ista
2227 632 2345 671 me-

579 709 766 763 thodus
808 709 1082 782 placuerit,
1141 708 1301 763 fateor
1346 725 1432 762 me
1480 723 1583 760 non
1626 706 1835 778 probare
1879 703 2048 777 posse,
2095 716 2155 758 vt
2200 701 2350 756 exsu-

581 796 753 866 gendo
799 812 911 848 rem
955 795 1281 864 adgrediari53
1327 794 1437 863 quia
1476 791 1575 845 hoc
1614 794 1777 846 modo
1813 793 1902 845 vix
1943 790 2118 843 euitari
2151 787 2348 862 potest,

492 912 497 914 -
578 882 699 953 quin
742 880 919 936 sensim
969 880 1151 948 aliquid
1192 877 1366 929 saliuae
1411 875 1700 935 adhaereat,
1743 895 1838 950 qua
1875 875 2206 951 postmodum
2243 886 2352 929 tam

583 966 701 1017 vitri
743 981 896 1034 quam
947 979 1103 1029 aquae
1145 958 1594 1031 puritasmultum
1639 963 1877 1018 turbatur.
1975 961 2222 1029 Praestat,
2269 958 2357 1013 vel

582 1049 742 1103 linteo
778 1062 905 1117 puro
942 1061 1122 1115 aquam
1167 1044 1342 1098 sensim
1381 1042 1602 1112 auferre,
1647 1046 1737 1100 vel
1774 1048 2210 1117 quemadmodum
2240 1043 2354 1100 Cel.

585 1130 842 1205 Krafftius
886 1130 1052 1183 noster
1088 1131 1139 1183 in
1175 1130 1375 1201 Exper.
1419 1128 1568 1199 Phys.
1612 1148 1729 1203 pag.
1765 1145 1862 1198 57.
1892 1137 1988 1196 58.
2029 1132 2139 1187 fieri
2173 1133 2356 1199 docet,

586 1218 747 1272 alium
797 1215 1031 1270 tubulum
1078 1216 1417 1285 angustiorem
1455 1232 1670 1270 vacuum
1710 1217 1879 1270 osculo
1913 1216 2138 1270 inferiori
2173 1218 2366 1272 admo-

584 1319 735 1372 uere,
784 1303 869 1375 qui
914 1316 1048 1356 mox
1092 1316 1308 1355 omnem
1352 1316 1532 1371 aquam
1579 1300 1811 1354 extrahet
1851 1312 1903 1355 et
1942 1301 2230 1358 resorbebit.

747 1465 797 1529 5.
854 1475 953 1526 18.
1045 1471 1219 1530 Restat
1260 1470 1471 1542 denique
1512 1469 1758 1544 scrupulus
1798 1472 2162 1543 remotienduS‚
2207 1489 2363 1546 quem

593 1561 1003 1631 experimentum
1051 1559 1121 1612 Μ
1127 1553 1626 1629 zgffchenbroekianum
1677 1556 1951 1630 septimum
1999 1555 2130 1632 Cap.
2170 1557 2216 1614 Ι.
2266 1577 2363 1614 no.

594 1645 666 1699 bis
705 1646 880 1700 iniicit.
944 1643 1083 1697 Illud
1122 1655 1292 1696 autem
1331 1642 1428 1696 tale
1460 1641 1762 1699 recensetur:
1811 1642 1904 1710 „Si
1940 1644 2130 1698 tubulus
2152 1646 2364 1714 conti-„

599 1746 718 1785 nens
760 1746 856 1784 20.
898 1729 1052 1784 lineas
1087 1745 1241 1800 aquae
1277 1727 1329 1780 in
1367 1727 1446 1794 le,
1492 1743 1558 1781 ex
1590 1728 1701 1782 vase
1743 1727 1948 1782 sublatus
1988 1727 2125 1781 lente
2165 1730 2304 1782 incli-
2328 1769 2368 1798 „

596 1826 766 1880 netur,
818 1826 874 1868 vt
920 1814 1181 1887 parallelus
1227 1811 1491 1867 horizonti
1536 1814 1749 1869 euadat:
1785 1825 1895 1868 tum
1933 1829 2056 1886 aqua
2096 1814 2149 1866 in
2187 1812 2366 1880 tubo„

600 1900 892 1955 monebitur
939 1900 1001 1954 ab
1049 1917 1158 1954 vno
1205 1911 1439 1952 extremo
1486 1899 1646 1953 versus
1689 1900 1851 1967 aliud,
1898 1899 1966 1954 ita
2014 1913 2216 1967 tamen,
2263 1911 2374 1969 vt„

602 1998 824 2058 occupet
868 1998 1092 2040 accurate
1129 1985 1359 2040 mediam
1407 1984 1510 2039 tubi
1555 1998 1787 2058 partem,
1824 1985 2165 2059 relinqu-atque
2202 2002 2375 2051 επὶ-ῃ

581 2072 690 2128 bas
725 2073 1285 2135 extremitates-vacuas
1322 2089 1477 2144 aqua,
1518 2084 1568 2129 et
1606 2084 1800 2127 tantum
1832 2088 1953 2145 *aere
1991 2073 2228 2146 plenaS.‚,
2284 2069 2379 2125 His

603 2158 773 2229 positis
815 2171 898 2213 aut
940 2160 990 2212 in
1034 2159 1393 2231 experimento
1445 2158 1564 2214 latet
1616 2157 1943 2213 hallucinatio
1970 2198 1984 2223 ‚
2054 2169 2138 2212 aut
2180 2155 2378 2228 theoria

606 2243 771 2309 nostru
815 2244 1057 2309 falsaest.
1171 2244 1311 2298 Haec
1358 2245 1496 2297 enim
1547 2244 1793 2316 postulat²
1854 2254 1943 2310 vt,
1988 2243 2183 2314 quando
2216 2241 2377 2313 Tincli-

608 2340 731 2382 nato
774 2341 1022 2400 vtcunque
1079 2329 1204 2384 tubo
1255 2330 1484 2400 cylinder
1537 2347 1720 2402 aqueus
1775 2328 1837 2382 ab
1887 2327 2090 2382 orificio
2143 2328 2379 2381 inferiore

609 2412 841 2485 paullum
885 2416 1133 2469 recefferit
1159 2456 1174 2483 ,
1243 2415 1532 2489 peripheria
1577 2415 1773 2487 vtrique
1819 2414 2026 2484 cylindri
2071 2413 2381 2485 extremitati

609 2499 853 2571 proxima
896 2499 950 2553 vi
995 2499 1072 2554 sua
1116 2502 1375 2556 attraetiua
1416 2500 1685 2572 aequaliter
1727 2512 1841 2572 agat
1865 2542 1880 2569 ‚
1930 2512 1982 2554 et
2027 2501 2381 2573 consequenter

608 2597 820 2656 propter
867 2585 1206 2657 peripheriam
1251 2586 1542 2640 inferiorem
1579 2604 1697 2641 cum
1737 2588 1958 2659 pondere
2003 2587 2205 2657 cylindri
2251 2602 2379 2654 con·

588 2669 885 2740 ‚spirantem
945 2669 1027 2724 hic
1080 2671 1179 2744 ipse
1234 2688 1336 2726 non
1395 2672 1639 2726 ascensum
1695 2671 1775 2727 sed
1817 2673 2098 2744 descensum
2155 2667 2377 2728 affectet.

620 2755 841 2833 Quando
896 2757 1046 2829 igitur
1101 2759 1242 2814 tubus
1294 2758 1503 2816 tandem
1548 2757 1803 2816 horizonti
1846 2759 2117 2839 parallelus
2159 2771 2383 2838 ponere—

2261 2852 2377 2912 tur,
