2472 3554
271 2757 407 2809 Figura
436 2769 475 2797 2.

506 215 631 270 430
1137 188 1694 254 OBSERVATIO

638 361 681 425 ς.
727 358 784 406 6.
829 348 1127 423 Requiritur
1167 368 1292 424 ergo
1333 353 1396 407 ad
1441 351 1837 407 constructiones
1870 351 2100 424 phasium
2127 360 2287 410 mora‘

506 446 730 502 transitus
774 436 887 493 disci
933 436 1112 491 lunaris
1154 453 1243 509 per
1284 437 1429 492 filum
1491 437 1806 492 horizontale
1860 450 1910 490 et
1965 438 2146 492 deinde
2199 436 2276 492 se-

507 532 833 588 midiameter
876 521 1111 577 vmbrae.
1201 521 1437 576 Priorem
1481 539 1549 576 ex
1591 520 1937 577 obseruatione
1980 524 2279 577 immediate

508 616 759 688 acquirere
805 626 905 662 non
948 608 1122 679 licuit3
1184 624 1302 678 pars
1354 609 1493 661 enim
1549 608 1752 663 inferior
1804 607 1920 661 disci
1974 607 2159 680 lunaris
2211 606 2277 663 ad

509 703 560 760 R
599 699 826 769 eclipsata
869 706 976 748 erat
1084 692 1244 764 Igitur
1277 704 1334 745 vt
1373 692 1518 746 istam
1553 693 1750 747 aliunde
1775 694 2018 746 deducere
2062 691 2283 763 possem,

511 801 722 842 moram
765 780 990 836 transitus
1028 777 1145 832 disci
1187 777 1372 830 lunaris
1415 793 1502 849 per
1546 777 1693 832 filum
1735 778 1974 831 verticale
2008 776 2281 845 obseruaui,

512 885 727 941 eamque
783 866 912 920 circa
967 864 1081 917 duas
1146 862 1447 934 posteriores
1516 863 1683 933 pliases
1743 858 1813 915 2.'
1876 854 2001 915 20⁰
1983 873 2035 930 ¹,
2090 863 2285 915 inueni

512 955 612 1012 Sed
661 954 786 1006 haec
831 950 932 1003 sola
978 965 1077 1001 non
1125 947 1321 1002 sufficit.
1386 948 1672 1017 Requiritur
1716 965 1968 1021 praeterea
2014 960 2074 1001 vt
2116 946 2281 1000 habe-

513 1030 785 1095 atiif'mora
815 1034 1040 1088 trinsitus
1060 1033 1173 1087 disci
1203 1032 1382 1087 lunaris
1408 1048 1496 1102 per
1521 1031 1802 1088 horarium.
1900 1034 2044 1087 Hanc
2071 1032 2283 1104 quidem

516 1109 617 1198 pei·
616 1105 1056 1177 obser-unionem
1105 1120 1315 1173 durante
1354 1117 1544 1188 Eclipsi
1583 1135 1761 1172 eruere
1812 1120 2044 1173 conditio
2101 1117 2286 1172 mutati

515 1228 609 1283 per
652 1210 764 1263 resi
758 1206 1019 1259 ustionem
1067 1204 1188 1258 disci
1235 1204 1420 1258 lunaiis
1464 1203 1758 1274 prohibuit,
1803 1204 1888 1259 ista
1933 1217 2127 1270 tamen,
2170 1202 2291 1256 luna.

516 1295 844 1356 cnlmiuante,
892 1305 983 1361 per
1025 1289 1200 1343 tubum
1260 1288 1515 1343 Sextantis
1568 1289 1770 1343 muralis
1810 1307 1838 1343 a
1893 1279 2293 1344 C1.a’eL’Isle

520 1380 680 1452 probe
725 1377 977 1430 obseruata
1019 1375 1111 1428 suit
1173 1371 1250 1426 2.'
1289 1366 1377 1443 43⁰
1381 1373 1591 1428 .Licet
1644 1388 1812 1429 antem
1877 1374 2066 1428 interea
2107 1388 2136 1425 a
2180 1370 2293 1426 cul-

521 1465 804 1520 minatione
857 1461 1003 1512 lunae
1069 1475 1225 1530 vsque
1279 1460 1343 1512 ad
1397 1459 1601 1529 eclipsin
1656 1460 1761 1513 eins
1815 1458 1932 1514 luna
1984 1457 2295 1511 diametrum

518 1561 846 1622 appirentem
912 1560 1091 1598 morae
1155 1543 1385 1598 transitus
1437 1560 1529 1615 per
1592 1543 1854 1599 horarium
1909 1536 2296 1615 respondentem

522 1651 696 1689 reuera
741 1630 1032 1695 miminerit,
1076 1641 1186 1683 tum
1230 1640 1444 1701 propter
1494 1642 1748 1684 mutatum
1805 1627 1954 1683 lunae
2008 1627 2183 1681 locum
2240 1626 2297 1680 in
2342 1678 2345 1681 .

524 1721 729 1785 orbita,
787 1732 898 1770 tum
955 1727 1166 1787 propter
1219 1714 1464 1767 variatam
1525 1714 1627 1768 eius
1683 1713 2077 1768 declinationem
2106 1753 2124 1779 ,
2178 1706 2296 1764 turn
2344 1707 2351 1711 ’

526 1805 683 1858 etiam
729 1813 942 1874 propter
1000 1801 1310 1853 viciniorem
1367 1797 1505 1851 istius
1564 1798 1877 1869 positionem
1932 1799 1996 1851 ad
2049 1796 2302 1851 horizon-

527 1905 670 1959 tem3
701 1904 794 1960 pro
837 1884 1078 1958 praesenti
1128 1898 1298 1938 tamen
1324 1882 1619 1948 dubiarum,
1664 1895 1723 1934 vt
1767 1883 1907 1952 supra
1957 1882 2161 1947 notaui,
2207 1879 2308 1934 ob-

525 1975 865 2030 seruationum
916 1971 1127 2042 negotio
1187 1986 1393 2023 moram
1451 1967 1670 2021 transitus
1722 1966 1874 2020 lunae
1923 1982 2013 2038 per
2061 1960 2346 2019 meridia?

530 2078 653 2115 num
706 2057 960 2125 sufficere,
1008 2068 1061 2109 et
1102 2054 1332 2125 negleffli
1379 2053 1692 2120 mut-itione,
1737 2051 1965 2123 quippe,
2008 2048 2304 2122 praesertim

533 2162 655 2199 cum
704 2161 793 2214 per
841 2155 1009 2213 partes
1056 2141 1305 2210 temporis
1351 2140 1701 2212 exprimatur,
1748 2137 2033 2190 admodum
2085 2135 2311 2205 exigua,

535 2231 683 2283 istam
736 2230 917 2298 absque
965 2242 1134 2279 errore
1190 2223 1397 2278 sensibili
1449 2241 1544 2295 pro
1594 2238 1741 2277 mora
1767 2220 1990 2287 transitus
2034 2220 2179 2274 lunae
2215 2235 2313 2294 pet

534 2313 796 2371 horarium
843 2315 1050 2364 durante
1099 2310 1289 2382 Eclipsi
1341 2308 1513 2362 haberi
1561 2304 1702 2379 poffe
1748 2306 1984 2371 iudiczhui

690 2413 734 2477 §.
785 2422 843 2474 7.
889 2406 1042 2460 Hisce
1104 2408 1209 2461 iam
1261 2407 1524 2462 instructus
1549 2447 1567 2475 ,
1623 2422 1776 2459 mora
1837 2405 2024 2460 scilicet
2084 2407 2315 2464 transitus

538 2492 654 2548 disci
705 2494 889 2548 lunaris
943 2508 1034 2563 per
1086 2491 1231 2545 filum
1285 2493 1561 2559 verticale‚
1613 2507 1857 2561 moraque
1917 2491 2147 2545 transitus
2200 2493 2361 2553 eius„

540 2597 629 2649 per
678 2579 973 2644 horarium,
1022 2575 1458 2647 inuestigationem
1507 2592 1685 2631 morae
1733 2577 1958 2631 transitus
2021 2575 2169 2631 lunae
2218 2592 2316 2650 pet

538 2665 685 2718 filum
735 2661 1060 2718 horizontale
1110 2660 1324 2733 sequenti
1351 2663 1517 2715 modo
1564 2661 1868 2716 continuaui.
1958 2655 2165 2717 Daciae
2189 2661 2312 2729 sint,

538 2763 595 2803 vt
644 2763 760 2803 ante
811 2749 974 2801 lineae
1022 2744 1115 2816 Vy
1142 2789 1158 2814 ,
1200 2745 1250 2798 H
1248 2764 1294 2816 y
1321 2788 1340 2814 ,
1381 2746 1455 2816 adi
1495 2746 1538 2797 se
1588 2746 1805 2810 inuicem
1860 2747 2150 2812 normales,
2178 2744 2311 2800 haec

537 2834 682 2893 filum
732 2830 1050 2890 horizontale
1067 2873 1083 2903 ‚
1118 2831 1209 2888 ista
1236 2831 1511 2905 verticale,
1549 2829 1988 2908 repraesentantes
2077 2829 2144 2886 In
2179 2828 2312 2887 scala
2344 2872 2371 2877 --

2124 2912 2290 2990 aliqua
2299 2952 2325 2991 ,
