2472 3554
494 195 579 262 76
706 189 814 249 DE
860 154 1614 246 COMMVNICATIONE
1654 176 1939 240 MOTVS
1974 182 2090 250 &a

649 348 687 416 §—
749 365 850 416 34.
919 345 1149 424 Quando
1204 359 1333 418 ergo
1388 358 1674 416 corporum
1728 340 2045 396 directiones
2097 356 2289 405 motus

494 432 797 511 progreffiui
841 445 962 488 ante
1009 431 1321 487 conflichim
1345 430 1620 503 parallelae
1658 429 1845 482 fuerint
1869 427 2147 482 directioni
2172 432 2280 485 im-

493 522 696 595 pulsus,
741 531 857 574 tum
905 520 960 573 in
1002 517 1252 573 conflic'tu
1294 516 1607 572 direstiones
1648 531 1753 568 non
1800 527 2084 567 mutantur.
2189 515 2282 573 Ex

496 624 600 680 quo
642 605 954 677 intelligitur
998 605 1035 659 fi
1083 603 1183 658 hae
1236 602 1550 657 directiones
1592 618 1700 655 non
1758 599 1950 654 fuerint
2005 599 2285 671 parallelae.

494 691 780 748 direetioni
824 690 1103 764 impulsu5‚
1154 702 1268 744 tum
1315 699 1492 742 motus
1535 699 1594 740 vt
1636 685 1779 757 supra
1820 685 2043 738 fecimus
2094 686 2149 739 in
2203 685 2288 740 la-

494 778 682 833 terales
725 778 828 833 esse
874 775 1238 843 resoluendOS‚
1293 789 1518 845 quorum
1563 772 1714 826 alteri
1760 771 1855 825 sint
1911 770 2180 826 normales
2229 771 2287 826 in

494 864 713 938 planum
741 863 1030 932 contadiu5‚
1073 860 1224 914 alteri
1248 860 1423 911 eidem
1450 857 1702 928 paralleli.
1786 855 2112 928 Perspicuum
2139 856 2290 911 enim

496 949 572 1003 est
615 964 684 1002 ex
733 948 1006 1019 principiis
1048 941 1375 997 mechanicis
1427 953 1607 994 motus
1662 941 2113 1014 perpendiculares
2169 952 2293 995 tan-

493 1045 611 1087 tum
637 1048 666 1084 a
695 1030 946 1084 conflictu
974 1027 1201 1093 turbari,
1248 1024 1442 1077 alteros
1477 1025 1705 1078 omnino
1740 1043 1849 1079 non
1884 1024 2044 1082 affici.
2136 1026 2290 1102 Qua-

497 1133 556 1171 re
610 1114 727 1187 post
799 1111 1109 1167 conflictum
1163 1125 1269 1181 ope
1323 1107 1722 1178 compositionis
1776 1126 1959 1165 motus
2024 1112 2293 1184 vtriusque

497 1201 741 1272 corporis
794 1211 971 1254 motus
1026 1192 1371 1270 progreffluus
1426 1192 1626 1266 poterit
1677 1193 2035 1250 determinari.
2125 1197 2294 1273 Quod

500 1298 681 1341 autem
724 1285 790 1340 ad
834 1296 1012 1339 motus
1054 1280 1355 1354 gyratorios
1401 1278 1626 1347 attinet,
1689 1279 1730 1332 ii
1784 1296 1814 1333 a
1875 1282 2108 1337 motibus
2158 1300 2294 1355 pro-

501 1370 733 1443 greffiuis
784 1368 1076 1424 nullatenus
1129 1364 1465 1434 afficiuntur,
1521 1375 1575 1417 et
1617 1363 1751 1418 hanc
1791 1362 1867 1418 ob
1906 1381 2026 1420 rem
2080 1370 2294 1425 easdem

497 1456 773 1529 iequentur
815 1455 986 1526 leges,
1032 1467 1355 1526 cpiascunque
1396 1460 1577 1505 motus
1621 1448 1929 1522 progreffiui
1975 1462 2185 1508 teneant
2209 1455 2298 1509 di?-

502 1542 782 1599 restiones.
869 1541 1074 1595 Omnes
1116 1538 1273 1610 igitur
1318 1550 1420 1590 tres
1462 1534 1796 1590 collisionum
1839 1534 2036 1608 species
2079 1535 2169 1593 hic
2193 1555 2295 1594 ex·-

504 1629 718 1702 plicatas
760 1627 880 1682 dedi
923 1625 1120 1699 duplici
1176 1636 1355 1678 tamen
1407 1621 1768 1690 restrictione,
1831 1638 2053 1692 quarum
2118 1625 2297 1697 prima

502 1730 726 1785 corpora
776 1712 866 1767 fibi
911 1713 982 1766 ita
1031 1726 1305 1765 occurrere
1353 1709 1541 1782 ponit,
1595 1719 1655 1761 vt
1699 1722 1886 1761 eorum
1947 1719 2120 1762 centra
2173 1726 2301 1780 gra·-

502 1800 681 1853 uitatis
725 1813 847 1852 cum
892 1797 1183 1852 diretstione
1227 1794 1473 1867 impulsus
1519 1794 1572 1847 in
1617 1793 1810 1847 eodem
1857 1790 2014 1863 plano
2058 1791 2154 1847 fint
2190 1810 2296 1864 po-

502 1883 627 1956 fin13
673 1885 833 1938 astera
880 1899 1010 1937 vero
1054 1897 1284 1953 corpora
1327 1881 1451 1935 tana
1492 1877 1742 1951 requhdt‚
1787 1893 1917 1949 quae
1963 1877 2098 1930 cuca
2132 1892 2296 1932 axen]

505 1987 604 2043 per
641 1981 814 2023 centra
856 1969 1125 2040 grauitatis
1177 1978 1495 2021 transeuntes
1540 1977 1596 2018 et
1635 1963 1700 2018 ad
1742 1962 1873 2017 illud
1916 1962 2129 2035 planum
2165 1979 2303 2017 nor-0

505 2055 674 2111 males
717 2054 877 2107 libere
921 2055 1097 2125 gyrari
1143 2064 1349 2123 queant.
1435 2047 1596 2103 Casus
1636 2061 1811 2103 autem
1869 2050 1924 2101 in
1969 2049 2147 2121 quibus
2193 2047 2301 2103 hae

507 2141 836 2194 conditiones
881 2140 1059 2193 locum
1106 2156 1214 2192 non
1258 2138 1484 2204 habent,
1527 2153 1623 2208 per
1665 2135 1921 2207 principia
1947 2136 2156 2205 cognita
2186 2147 2300 2187 tra-

510 2223 649 2278 &tare
694 2242 801 2276 non
845 2225 999 2294 licet3
1044 2225 1124 2276 sed
1168 2240 1354 2276 eorum
1410 2223 1699 2296 explicatio
1754 2221 2020 2274 maiorem
2076 2215 2299 2272 mecha-⁶

507 2310 658 2366 nicae
700 2309 1100 2381 promotionem
1144 2308 1380 2377 requirit.

2125 2938 2289 3002 SPE-
