2472 3554
543 185 659 238 16'0
957 178 1242 240 VARIAE
1282 175 1900 241 OBSERVATIONES

729 331 1154 415 VARIAE
1211 331 2122 418 OBSERVATIONES

1312 497 1545 556 (ΗΒΕΑ

632 620 1194 737 SERIES
1299 617 2219 737 INFINITAS.

1257 795 1571 848 AVCTORE

1127 873 1394 959 Leonh.
1450 873 1713 957 Euler.

762 1123 1141 1195 bferuat'ioneS,
1184 1143 1305 1198 quas
1348 1126 1438 1181 hic
1463 1124 1697 1199 proferre
1721 1122 1986 1193 constitui,
2011 1123 2320 1199 plerumque

803 1212 937 1264 circa
988 1213 1250 1266 eiusmodi
1295 1210 1446 1266 series
1473 1210 1767 1281 versantur,
1813 1227 1941 1282 quae
1979 1210 2182 1281 prorsus
2206 1208 2319 1265 sunt

802 1294 1030 1350 diuersae
1075 1298 1138 1351 ab
1183 1297 1276 1365 iis,
1319 1314 1448 1368 quae
1493 1286 1785 1350 etiamnum
1836 1296 2041 1350 tractari
2087 1297 2198 1350 sunt
2233 1296 2319 1351 so-

524 1374 669 1430 litae.
755 1377 896 1434 Cum
942 1383 1085 1434 enim
1134 1381 1294 1435 adhuc
1341 1382 1510 1435 nullae
1557 1380 1865 1438 a'liaeseries
1891 1381 1985 1435 fint
2020 1381 2318 1436 confidera-

524 1473 643 1530 tae,
690 1464 783 1519 nifi
826 1482 1039 1537 quarum
1089 1468 1174 1520 vel
1219 1467 1467 1519 terminus
1510 1466 1765 1536 generalis
1809 1466 1937 1520 effet
1981 1467 2158 1537 datm,
2225 1465 2316 1521 vel

521 1544 616 1599 lex
659 1544 873 1619 saltem,
922 1568 1018 1622 qua
1065 1568 1133 1604 ex
1179 1552 1311 1603 datis
1368 1551 1565 1622 aliquot
1618 1551 1859 1605 terminis
1913 1550 2177 1624 sequentes
2233 1553 2320 1605 in-

525 1633 706 1686 uenire
746 1634 963 1707 liceret3
1024 1638 1093 1689 ita
1143 1635 1227 1690 hic
1281 1636 1543 1688 eiusmodi
1602 1635 1927 1705 potiffimum
1988 1636 2139 1690 series
2207 1637 2318 1692 sum

523 1719 1000 1791 contemplaturus,
1053 1738 1182 1792 quae
1226 1737 1392 1792 neque
1436 1720 1723 1772 terminum
1767 1720 2066 1789 generalem
2108 1724 2322 1792 proprie

522 1800 593 1856 fic
637 1804 869 1872 dietum,
928 1823 1096 1877 neque
1140 1806 1315 1876 legem
1370 1804 1778 1859 continuationis
1846 1802 2162 1876 agno-scant',
2231 1803 2318 1858 sed

523 1902 742 1957 quarum
788 1905 964 1944 natura
1020 1908 1116 1963 per
1167 1892 1291 1945 alias
1346 1890 1674 1944 conditiones
1741 1888 2139 1943 determinetur.
2230 1885 2322 1943 De

522 1969 830 2029 huiusmodi
875 1993 1002 2047 ergo
1045 1976 1266 2030 seriebus
1307 1993 1374 2030 eo
1399 1977 1567 2046 magis
1592 1975 1692 2028 etit
1723 1973 2062 2043 mirandum,
2107 1973 2144 2028 fi
2176 1973 2320 2029 sum-

525 2060 660 2111 mari
709 2075 988 2130 poterunt,
1033 2080 1154 2116 curn
1201 2062 1263 2117 ad
1309 2061 1595 2116 methodos
1649 2061 1946 2114 summandi
1999 2059 2165 2113 adhuc
2223 2076 2320 2114 co-

523 2143 694 2213 gnitas
741 2145 1024 2200 necessario
1083 2147 1170 2202 vel
1232 2148 1488 2201 terminus
1545 2145 1831 2217 generaliS,
1887 2145 1976 2198 vel
2031 2145 2123 2198 lex
2188 2160 2323 2216 pro-

524 2227 791 2296 greffionis
815 2235 1133 2302 requiratur-3
1186 2234 1366 2303 quibus
1391 2230 1753 2284 deficientibus
1777 2231 1873 2282 vix
1897 2229 1997 2282 alia
2024 2229 2109 2283 via
2137 2242 2318 2302 patere

524 2311 802 2380 videatur,
849 2334 949 2386 qua
992 2318 1056 2369 ad
1099 2315 1329 2370 summas
1374 2314 1755 2386 cognoscendas
1802 2315 2097 2385 pertingere
2157 2329 2319 2386 quea-

524 2411 685 2451 mus„
749 2398 836 2453 Ad
878 2400 967 2454 has
1011 2413 1184 2454 autem
1231 2399 1615 2454 obseruationes
1657 2416 1750 2453 me
1795 2399 2065 2470 pecu1iaris
2097 2398 2251 2454 series
2285 2417 2318 2455 a

529 2477 648 2534 Cel.
693 2482 952 2541 Goldbach
994 2503 1206 2540 mecum
1252 2485 1641 2539 communicata
1685 2485 1936 2554 deduxit,
1980 2486 2124 2539 cuius
2171 2485 2314 2540 sum-

529 2568 825 2624 mationem
870 2571 1109 2626 maxime
1152 2570 1515 2626 admirandam
1558 2570 1684 2628 Viri
1723 2568 1891 2627 Celeb.
1941 2570 2190 2647 permiffu
2227 2570 2314 2628 hie

525 2652 707 2725 primo
752 2654 879 2712 loco
923 2656 1035 2712 sum
1078 2654 1535 2712 demonstraturus,

2123 2869 2314 2933 Theo-
