2472 3554
344 127 969 197 OBSERVATIONES
1028 131 1104 193 M
1110 132 1210 191 ET
1212 127 1775 202 EOROLOGTCAE.
1823 160 1939 217 325

341 298 390 365 §.
433 316 491 368 4.
538 297 816 366 Alterum,
859 292 1001 368 quod
1036 306 1113 345 ex
1161 289 1248 345 his
1264 290 1736 357 obseruationibus
1779 300 1952 359 Baro-

181 385 421 440 metricis
467 387 718 439 deducere
770 383 923 447 licet,
970 376 1193 431 consistit
1238 377 1292 430 in
1347 383 1724 442 variationibus
1777 385 1951 444 Baro-

183 469 342 523 metri
399 470 716 537 menstruis,
772 465 875 521 hoc
915 462 1038 532 est,
1097 463 1148 515 in
1201 461 1306 515 'illis
1351 503 1373 531 s
1442 483 1572 538 quae
1633 473 1688 525 in
1738 473 1951 547 fingulis

179 554 446 610 mensibus
489 555 742 610 accidunt·
828 549 894 606 ln
936 548 1021 602 his
1065 549 1237 620 itaque
1277 547 1454 603 ⁴statim
1508 555 1562 606 in
1616 559 1806 615 oculos
1860 560 1949 614 in-

180 640 379 708 currit,
420 657 510 695 eas
553 641 608 694 in
651 639 833 710 primis
871 646 931 687 et
973 631 1174 686 vltimis
1218 631 1634 692 anni‘menfibus
1661 642 1766 697 fere
1806 661 1944 699 con·

183 723 373 779 stanter
413 721 515 779 effe
558 724 810 786 maiore5‚
856 718 912 771 in
953 720 1144 772 mediis
1190 734 1321 772 vero
1349 721 1469 773 anni
1509 726 1766 782 meniibus
1808 744 1946 782 con-

179 806 373 865 stanter
398 812 645 865 minores.
731 804 974 859 Eandem
1017 802 1153 859 hanc
1203 800 1509 860 Barometri
1562 808 1739 879 legem
1793 812 1945 866 obti-

177 909 302 948 nere
348 909 555 967 quoque
596 887 863 945 obser-uani
921 890 976 943 in
1017 891 1374 945 altitudinibus
1412 889 1791 951 Barometricis
1840 895 1947 951 Vl-

177 980 394 1034 traiecsti-
421 980 475 1032 in
515 973 731 1029 Batauia
758 974 786 1028 a
814 971 1111 1030 Clariffimo
1160 977 1230 1030 M
1235 973 1619 1050 uffichenbroekio
1664 999 1765 1053 pro
1798 998 1943 1039 anno

184 1069 339 1129 1728
387 1060 642 1117 annotatis
676 1100 697 1130 2,
766 1072 824 1114 et
883 1061 1136 1133 peculiari
1194 1063 1372 1117 tabula
1430 1064 1674 1135 expre'ffis
1723 1108 1744 1137 ,
1810 1085 1943 1139 quae

173 1145 628 1205 Differtationibus
674 1145 1087 1218 perspicacissimi
1133 1147 1284 1201 huius
1319 1148 1439 1202 Viri
1475 1149 1700 1218 Physicis
1741 1165 1800 1206 et
1822 1150 1945 1210 Ge-

168 1231 440 1288 ometricis
480 1247 685 1285 annexa
727 1231 815 1285 est„
902 1231 1056 1287 Idem
1095 1232 1440 1287 confirmatur
1488 1251 1692 1307 quoque
1731 1241 1942 1310 egregie

167 1331 240 1371 ex
281 1315 741 1371 Obseruationibus
781 1313 1068 1371 Clariiiimi
1112 1317 1177 1371 de
1220 1316 1272 1371 la
1327 1316 1546 1388 eryere
1600 1321 1747 1393 supra
1804 1326 1940 1377 cita-

165 1401 252 1456 tis·
336 1404 510 1476 Atque
551 1401 681 1457 haec
731 1404 944 1474 quidem
989 1401 1080 1456 lex
1125 1404 1260 1457 adeo
1310 1404 1554 1458 constans
1612 1404 1686 1460 est
1716 1449 1731 1477 ,
1778 1419 1838 1461 vt
1883 1410 1940 1464 in

163 1486 618 1544 obseruationibus
643 1487 829 1562 nostris
865 1489 1106 1542 vndecim
1149 1505 1409 1543 annorum
1447 1507 1557 1544 non
1596 1490 1689 1546 nifi
1739 1493 1940 1565 aliquot

162 1576 506 1647 exceptiones
548 1575 753 1629 dentur,
844 1571 986 1628 Cum
1031 1586 1210 1629 autem
1264 1591 1338 1629 ex
1383 1574 1833 1632 obseruationibus
1880 1580 1935 1635 in

163 1655 331 1714 Insula
375 1659 606 1716 Iamaica
652 1660 895 1716 institutis
943 1673 1237 1734 appareat,
1296 1663 1649 1715 variationem
1707 1665 1931 1721 totalem

165 1740 466 1801 Barometri
507 1747 582 1801 ibi
625 1759 736 1802 tam
793 1763 1009 1819 paruam
1062 1746 1171 1800 eise
1202 1788 1218 1816 ,
1279 1761 1338 1801 vt
1392 1761 1595 1802 tanturn
1644 1754 1687 1815 ἦ,
1730 1751 1936 1820 pollicis

164 1845 444 1904 exaequet:
495 1831 634 1887 haud
676 1832 807 1888 leuis
853 1833 1152 1888 coniectura
1198 1834 1417 1888 formari
1455 1834 1622 1906 potest
1640 1829 1661 1904 ‚'
1693 1828 1933 1893 calorem

168 1915 299 1971 a'e'ris
340 1919 396 1972 in
440 1918 585 1974 causa
626 1914 765 1989 effe,
801 1920 942 1992 quod
986 1936 1081 1992 per
1129 1919 1334 1973 breuius
1375 1920 1595 1991 spatium
1640 1922 1932 1978 mercurius

171 1998 226 2054 in
251 1998 563 2060 Barometro
589 2020 872 2079 euageturf,
911 2018 1062 2078 atque
1099 2003 1221 2059 hinc
1260 2006 1313 2059 in
1355 2006 1675 2076 angustiores
1715 2025 1934 2064 ‘carceres

171 2086 326 2158 redigi
364 2090 468 2145 eius
504 2092 832 2147 excursiones
868 2093 930 2145 rin
978 2091 1234 2147 menfibus
1274 2091 1395 2145 anni
1441 2093 1661 2160 mediis,
1688 2091 1791 2147 hoc
1817 2095 1890 2149 est
1914 2136 1931 2167 ,

176 2171 373 2227 aestiuis
419 2187 472 2229 et
515 2177 714 2233 calidis.
777 2179 941 2255 Quod
967 2191 1026 2231 vt
1051 2193 1118 2231 eo
1145 2178 1313 2249 magis
1335 2177 1652 2233 confirmem
1673 2220 1690 2245 ,
1717 2182 1932 2234 exami‘

176 2256 313 2310 nabo
357 2257 472 2313 illos
510 2263 738 2335 menses,
786 2266 840 2318 in
886 2263 1067 2337 quibus
1111 2263 1200 2318 lex
1245 2263 1468 2334 allegata
1512 2280 1620 2317 non
1650 2264 1803 2336 plane
1839 2265 1929 2320 lo-

172 2355 297 2394 cum
341 2341 535 2400 habuit.
583 2350 757 2406 Prima
806 2351 981 2423 itaque
1024 2351 1272 2422 exceptio
1320 2349 1384 2404 ab
1426 2348 1525 2403 hac
1570 2349 1750 2421 regula
1794 2351 1927 2408 facta

172 2426 244 2479 est
285 2442 421 2481 anno
469 2443 620 2499 1732
677 2436 851 2492 mense
907 2435 1168 2501 octobri,
1216 2436 1304 2509 qui
1360 2436 1712 2490 variationem
1770 2453 1925 2490 men-

172 2510 361 2565 struam
407 2510 696 2577 Barometri
742 2522 978 2595 praebuit
1021 2538 1075 2574 o.
1121 2535 1190 2588 51
1247 2534 1486 2591 tantum,
1536 2539 1653 2577 cum
1698 2521 1763 2575 ad
1814 2523 1924 2575 mi-

167 2598 376 2650 nimum
421 2598 661 2658 debuisset
703 2609 960 2680 integrum
989 2608 1241 2680 pollicem
1287 2624 1595 2679 exaequare.
1678 2606 1766 2660 Eo
1791 2624 1921 2663 vero

166 2694 417 2752 tempore
460 2684 1074 2749 vtebar‘Th'ermometro
1119 2694 1450 2762 mercuriali,
1496 2691 1670 2764 quod,
1715 2692 1768 2745 in
1795 2692 1922 2748 loco

172 2783 204 2824 a
248 2769 415 2823 ventis
456 2781 510 2823 et
552 2768 670 2826 sole‘
699 2774 890 2849 libero,
937 2781 1001 2834 in·
1035 2780 1282 2835 maximo
1322 2778 1502 2834 calore
1538 2776 1731 2833 aestiuo
1757 2794 1922 2831 mon-

958 2862 998 2924 'S
1039 2881 1061 2921 s
1105 2880 1139 2917 2
1734 2862 1923 2919 strabat
