2472 3554
427 227 503 296 38
720 301 722 303 Ι
920 217 1031 276 DE
1071 215 1306 276 MOTV
1346 213 1730 298 AQVARVM

418 398 605 459 pare53
653 377 942 436 videndum
988 395 1119 451 ergo
1161 377 1234 433 est
1277 376 1649 445 solummodo,
1709 381 1895 445 quanta
1953 368 2013 425 sit
2067 373 2196 427 resi-

417 469 602 526 stentia
645 483 803 539 quam
849 465 1046 537 patitur
1098 464 1318 518 fluidum
1375 463 1645 534 egrediens
1700 460 1752 512 in
1808 456 1918 529 ipso
1979 456 2196 528 egreffus

419 565 727 611 momento.
822 550 1021 604 Verum
1065 551 1278 604 euidens
1331 549 1437 619 est,
1496 547 1626 601 hanc
1683 542 2010 599 resistentiam
2066 542 2199 597 oriri

420 658 448 694 a
490 637 695 712 gurgite
737 633 1000 707 TNSV,
1044 636 1131 707 qui
1176 636 1432 689 formatur
1478 649 1613 705 pone
1641 630 1896 685 orificium
1924 615 2036 682 tubi
2064 625 2198 697 NS,

418 727 560 780 cuius
603 724 820 796 gurgitis
863 721 1024 794 figura
1069 721 1199 775 haec
1244 717 1344 773 ess‘e
1379 718 1567 787 debet,
1617 730 1675 771 vt
1701 717 1753 769 in
1780 715 2008 769 distantia
2035 729 2202 786 quan-

420 811 616 865 tumuis
658 827 812 882 parua
859 808 1046 862 habeat
1091 807 1393 875 asymtoton
1441 799 1546 858 FG
1595 799 2069 875 perpendicularem
2132 797 2200 854 ad

421 896 769 950 directionem
819 895 907 948 axi
954 894 1096 961 tubi,
1155 903 1431 961 propterea
1474 890 1722 958 quoniam
1778 886 1848 940 ob
1902 883 2201 939 decrescen-

421 995 531 1034 tem
578 993 782 1034 motum
831 979 977 1033 fluidi
1021 975 1234 1045 egreffi,
1295 972 1665 1042 amplitudines
1714 973 1928 1042 gurgitis
1979 968 2202 1025 viciffim

422 1066 705 1119 accrescere
749 1080 807 1114 ac
854 1059 1149 1114 breuiflimo
1194 1070 1438 1127 tempore
1482 1056 1645 1109 veluti
1692 1056 1745 1108 in
1800 1056 2059 1110 infinitum
2108 1056 2202 1111 ›di-

421 1151 572 1204 latari
614 1146 835 1215 debent,
882 1144 1117 1215 suppono
1161 1141 1303 1196 enim
1348 1140 1571 1195 fluidum
1629 1155 1699 1194 ex
1746 1140 1875 1194 tubo
1933 1141 2204 1213 egrediens

420 1252 529 1288 non
570 1233 673 1287 effe
718 1229 1070 1302 permiscibile
1113 1244 1233 1282 cum
1277 1225 1447 1280 altero
1494 1236 1641 1279 extra
1686 1225 1962 1296 stagnante.
2060 1226 2205 1281 Hinc

422 1337 514 1391 per
560 1337 620 1372 ea
667 1334 796 1389 quae
840 1318 882 1382 ξ.
932 1334 984 1382 9.
1034 1313 1380 1368 demonstrata
1429 1310 1573 1379 sunt,
1621 1322 1674 1363 et
1717 1311 1834 1382 quia
1878 1310 2066 1366 vltima
2107 1327 2206 1365 ve-

423 1405 608 1458 locitas
654 1405 705 1454 in
749 1403 948 1472 gurgite
974 1401 1045 1453 est
1072 1418 1140 1452 :1
1160 1415 1194 1450 o
1216 1441 1230 1466 ,
1276 1398 1376 1449 erit
1402 1397 1481 1449 vis
1507 1413 1599 1466 per
1625 1396 1886 1466 gurgitem
1913 1395 2201 1468 5:2th

421 1490 658 1559 adeoque
706 1488 775 1540 ob
822 1488 1138 1540 conflantem
1187 1481 1524 1537 velocitatem
1569 1482 1623 1534 in
1668 1482 1794 1535 tubo
1838 1478 1939 1534 erit
1979 1497 2072 1553 per
2091 1476 2209 1534 Ce-

422 1574 544 1629 roll.
585 1591 637 1625 2.
675 1575 719 1640 §.
750 1592 807 1640 9.
856 1571 1154 1644 {hvvzp
1174 1566 1413 1639 :gha,
1444 1566 1548 1621 hoc
1575 1567 1677 1635 est,
1706 1575 2041 1637 {vvzgcfi
2076 1563 2205 1619 hinc

423 1658 693 1714 scribendo
728 1677 817 1729 gz
865 1675 961 1728 pro
1007 1665 1158 1725 gwy,
1203 1656 1303 1708 erit
1351 1670 1549 1722 εἶα,
1609 1665 1824 1725 oportet
1877 1668 2007 1723 ergo
2051 1650 2205 1705 velo-

423 1746 638 1799 citatem
684 1744 975 1815 requisitam
1023 1743 1167 1796 fluidi
1211 1742 1262 1795 in
1306 1739 1468 1809 tubo,
1528 1739 1590 1793 ad
1635 1739 1687 1793 id
1735 1750 1795 1815 vt
1836 1735 1930 1791 fiat
1971 1735 2205 1791 resisten-

425 1832 496 1884 tia
537 1830 762 1900 aequalis
809 1829 1029 1901 ponderi
1075 1826 1332 1896 cylindri,
1384 1843 1499 1880 eam
1539 1825 1638 1880 effe
1663 1825 1883 1893 debere,
1933 1838 2087 1892 quam
2113 1837 2205 1892 ac&

427 1916 653 1988 quireret
677 1931 833 1987 graue
859 1915 1021 1970 libere
1050 1915 1236 1968 cadens
1262 1928 1333 1966 ex
1357 1911 1630 1967 altitudine
1656 1927 1794 1967 za.
1844 1903 2074 1986 QED.

1045 2035 1572 2117 Corollariuln,

581 2155 672 2210 Ex
713 2153 1060 2210 demonstrata
1108 2155 1204 2209 hac
1248 2152 1628 2209 fundamentali
1672 2151 1992 2226 proprietate
2026 2148 2207 2213 (antea

428 2241 659 2295 nondum
715 2241 831 2294 satis
891 2254 1126 2294 accurate
1179 2239 1431 2309 stabilita)
1484 2239 1756 2311 sequuntur
1827 2235 1963 2289 vltro
2020 2233 2203 2289 omnia

428 2342 558 2396 quae
604 2326 670 2379 de
718 2325 1004 2379 refistentiis
1046 2324 1331 2377 fluidorum
1376 2327 1748 2377 continuorum
1793 2334 1846 2374 et
1888 2334 1993 2372 non
2028 2319 2205 2374 clasti-

363 2406 366 2411 ’
428 2426 615 2464 corum
656 2411 818 2480 vulgo
863 2409 1156 2462 traduntur:
1210 2407 1406 2462 scilicet
1447 2407 1755 2462 refistentiae
1796 2406 1851 2458 in
1905 2403 2203 2460 huiusmodi

429 2494 602 2549 fluidis
646 2492 1136 2567 perpendiculariter
1180 2492 1236 2546 in
1280 2492 1432 2565 plana
1476 2492 1711 2563 oppofita
1766 2506 2050 2562 corporum
2101 2506 2204 2544 ex-⁹

429 2581 622 2634 ercitae
665 2580 778 2634 sunt
818 2579 872 2632 in
915 2579 1116 2633 ratione
1162 2577 1453 2650 composita
1503 2593 1576 2632 ex
1636 2576 1895 2650 duplicata
1949 2576 2206 2630 velocita-

429 2666 496 2719 tis
536 2665 782 2720 relatiuae
826 2676 880 2719 et
920 2663 1144 2737 simplici
1185 2663 1445 2723 denfitatis
1485 2662 1653 2720 fluidi.
1739 2662 1831 2721 Ex
1855 2661 1958 2718 hoc
1982 2662 2205 2734 denique

431 2751 628 2824 reliqua
671 2751 1012 2808 deducuntur.

2120 2920 2205 2979 De
