2472 3554
650 129 1081 195 (ECLIPSIS
1122 130 1548 196 LUNARIS.
1887 159 2006 213 435

249 296 509 356 tationem
552 310 714 350 cornu
755 295 960 367 sequens
1003 291 1057 345 in
1111 293 1406 365 peripheria
1463 296 1589 350 disci
1632 294 1818 354 lunaris
1862 300 2024 356 inter.

249 402 309 440 ea
354 383 518 437 subiit.
607 381 748 437 Haec
774 379 881 434 loci
908 377 1130 431 mutatio
1154 380 1311 433 relata
1339 382 1400 433 ad
1433 381 1669 437 diurnum
1699 386 1752 438 in
1791 384 2024 441 schema-

249 481 302 524 te
344 468 561 540 Eclipsis
599 464 884 540 expressum
930 461 1161 517 innotuit
1214 466 1431 532 proinde
1491 470 1543 520 in
1600 472 1825 540 partibus
1882 487 2025 526 tem-

248 555 422 628 poriS,
467 570 596 625 quae
639 550 812 609 motui
857 547 1072 602 vmbrae
1115 549 1313 602 interea
1356 549 1493 607 fausto
1549 555 1874 625 respondent.
1964 558 2028 613 Si

247 640 411 711 igitur
453 638 549 694 hae
590 636 847 710 temporis
894 644 1063 705 partes
1103 635 1341 689 addendo
1386 636 1470 688 vel
1510 637 1848 697 subtrahendo
1875 685 1891 712 ,
1933 661 2032 716 pro

245 725 521 782 schematis
564 722 779 796 Eclipsis
819 719 1155 791 conditione,
1201 722 1522 793 applicentur
1566 741 1846 781 momento
1889 742 2033 785 tem-

248 813 396 885 poris
440 812 494 864 in
538 807 931 873 obseruatione,
979 822 1086 876 quo
1134 823 1299 860 cornu
1347 807 1554 878 sequens
1597 812 1658 864 ad
1717 811 1865 866 filum
1924 815 2032 870 ho-

247 896 501 953 rizontale
545 892 768 967 appulit3
815 888 1032 944 habetur
1074 894 1323 964 proxime
1369 908 1708 949 momentum
1759 903 2032 970 tempori5‚

249 1001 354 1055 quo
398 998 561 1036 cornu
605 979 815 1049 sequens
857 976 919 1031 ad
961 975 1106 1031 filum
1158 978 1492 1034 horizontale
1531 980 1836 1054 appulisset,
1874 1002 2040 1054 quan...

248 1070 322 1125 do
366 1069 582 1132 vmbra‚
631 1063 845 1117 durante
892 1063 1101 1118 tranfitu
1145 1081 1401 1121 cornuum
1447 1082 1541 1138 per
1588 1067 1734 1122 filum
1775 1066 2036 1127 horizon-

249 1156 355 1210 tale
384 1195 399 1222 ,
455 1153 680 1206 immota
738 1149 794 1202 in
851 1147 994 1203 disco
1048 1150 1201 1205 lunae
1268 1150 1632 1224 permanfiffit.
1721 1152 2034 1214 Differentia

249 1240 385 1295 inter
433 1237 536 1292 hoc
580 1246 920 1290 momentum
970 1238 1231 1305 temporis
1273 1237 1563 1291 corredtum
1611 1250 1663 1293 et
1709 1253 1914 1316 tempus
1939 1261 2038 1317 ap-

250 1323 417 1399 pulsus
463 1339 627 1377 cornu
672 1320 1027 1394 praecedentis
1068 1321 1130 1374 ad
1178 1321 1324 1376 filum
1383 1322 1717 1378 horizontale
1745 1368 1760 1395 ‚
1807 1329 1841 1383 fi
1890 1331 2038 1384 iuxta

251 1409 548 1467 methodos
589 1399 639 1464 §.
673 1410 715 1475 §.
768 1419 826 1470 5.
885 1421 973 1464 10.
1032 1423 1128 1461 11.
1175 1409 1382 1464 traditas
1423 1409 1701 1483 tractetur,
1749 1415 1814 1469 ad
1852 1432 2035 1472 veram

248 1497 470 1572 phaseos
514 1495 851 1566 quantitatem
895 1492 1122 1549 deducit.

410 1626 471 1691 §.-
508 1640 599 1692 13.
648 1619 714 1677 In
752 1620 1004 1695 praesenti
1040 1623 1259 1697 negotio
1294 1621 1435 1681 fastis
1474 1628 1876 1700 experimenti5‚
1937 1628 2042 1686 ha·-

254 1710 437 1767 &enus
476 1709 776 1765 recensitam
804 1708 1191 1766 correstionem
1237 1723 1347 1766 tum
1387 1727 1607 1785 propter
1653 1717 1906 1787 exiguum
1956 1718 2045 1771 in·-

259 1808 337 1852 ter
383 1795 619 1867 appulsus
660 1812 913 1850 cornuum
958 1799 1214 1868 temporis
1257 1798 1622 1868 interuallum,
1668 1814 1779 1855 tum
1830 1816 2042 1875 propter

258 1883 574 1955 positionem
621 1882 835 1937 Vmbrae
889 1880 1125 1955 respetstu
1179 1883 1300 1939 disci
1356 1886 1545 1940 lunaris
1599 1886 1686 1940 hie
1745 1887 2042 1961 fauentem,

259 1967 599 2025 insensibilem
645 1970 780 2035 effe,
830 1981 892 2023 ac
935 1969 1158 2040 proinde
1199 1969 1374 2044 phases
1400 1988 1492 2045 per
1537 1971 1850 2029 methodum
1899 1975 2045 2047 supra

264 2055 542 2124 traditam,
585 2052 771 2110 omiffa
814 2054 1143 2111 correctione
1187 2099 1202 2127 ‚
1262 2069 1430 2112 erutas
1497 2075 1595 2130 pro
1663 2063 1798 2115 veris
1865 2061 2048 2117 habe-ri

267 2136 441 2211 posse,
483 2142 819 2213 deprehendi.
905 2141 978 2197 Et
1035 2143 1163 2197 haec
1219 2143 1382 2198 etiam
1441 2146 1577 2199 causti
1635 2145 1775 2215 fuit,
1837 2165 1928 2201 cur
1989 2149 2044 2203 in

269 2224 614 2282 obseruatione
667 2227 905 2300 phasium
964 2228 1202 2301 appulsus
1256 2246 1509 2285 cornuum
1569 2231 1631 2285 ad
1688 2231 1836 2287 filum
1899 2235 2049 2287 hori-

270 2311 498 2377 zontale,
544 2314 773 2385 praeuisa
817 2314 1032 2369 istorum
1091 2317 1375 2371 commoda
1434 2318 1686 2390 positione
1720 2361 1736 2388 ‚
1794 2319 2046 2390 elegerim

273 2411 398 2467 prae
437 2399 723 2468 appulsibus
765 2402 1048 2456 eorundem
1094 2404 1155 2458 ad
1203 2402 1352 2458 filum
1402 2405 1681 2472 vernone,
1741 2421 1810 2458 ex
1865 2406 2050 2476 quibus

274 2479 396 2535 alias
441 2485 548 2552 pari
592 2487 853 2544 methodo
896 2487 1076 2561 phases
1121 2491 1234 2545 erui
1277 2486 1486 2564 poffnnt
1526 2508 1553 2546 a
1597 2491 1904 2545 refratstioue
1943 2508 2052 2546 non

274 2567 524 2622 turbatae.

434 2698 476 2763 ξ.
528 2712 619 2764 14.
663 2698 931 2772 Quoniam
964 2701 1065 2757 hac
1118 2704 1446 2759 correffione
1503 2707 1766 2760 momenti
1822 2708 2055 2780 appulsus

276 2796 441 2835 cornu
491 2783 736 2853 sequentis
776 2789 838 2843 ad
882 2787 1027 2847 filum
1070 2788 1396 2846 horizontale
1438 2790 1656 2847 efficitur
1684 2834 1700 2864 ‚
1759 2805 1819 2849 vt
1865 2795 2052 2849 vmbra

363 2866 511 2925 Tom.
560 2864 678 2927 IX.
1190 2873 1288 2933 lii
1852 2896 1882 2934 a
1925 2896 2055 2936 mo·-
