2472 3554
561 215 596 258 2
606 211 685 270 54
841 188 1463 253 OBSERVATIONES
1510 184 1622 247 AN
1625 185 1855 247 ATOM
1860 187 1891 247 I
1893 187 2065 250 CAE.

558 373 677 414 rens
733 365 787 408 et
846 365 1045 408 acereta
1080 395 1095 423 ‚
1163 370 1191 408 a
1251 353 1491 428 Cowpero
1546 350 1677 405 Tab.
1722 345 2043 407 xx111.et
2087 351 2318 411 XXXI,

556 443 764 514 optime
815 439 1082 511 expressa:
1151 439 1427 511 aliquoties
1486 452 1664 492 tamen
1723 448 1777 488 et
1835 436 2140 491 annularem
2188 438 2319 494 stru-

556 528 756 583 <Sturam
821 525 1187 598 deprehendi,
1256 542 1385 596 quae
1440 524 1638 577 tendini
1695 535 1963 593 tamquam
2020 522 2322 581 trochleam

555 613 836 668 traiicienti
865 625 1069 665 motum
1093 611 1426 682 reciprocum
1453 610 1780 663 liberrimum
1805 605 2065 661 conceffit.
2107 609 2324 684 Quem-

557 698 850 753 admodum
895 714 1027 751 vero
1084 697 1168 752 hic
1230 691 1488 767 musculus,
1555 694 1658 749 fixa
1717 708 1807 764 per
1862 694 2153 748 eleuatores
2199 694 2323 760 ,suos

557 784 812 852 maxilla,
861 799 914 837 os
956 781 1154 852 hyoides
1197 799 1318 836 cum
1365 782 1596 853 partibus
1641 779 2069 845 adhaerentibus,
2127 779 2181 832 in
2227 781 2326 834 de-

554 871 837 941 glutitione
886 882 1125 940 potenter
1169 866 1367 934 eleuat,
1422 882 1580 935 quem
1639 864 1785 919 vsum
1831 861 1939 919 Cel„
1988 862 2070 918 W
2072 863 2324 922 inslowius

556 954 920 1026 sapientiffime
979 953 1314 1005 introduxit:
1392 950 1467 1001 ita
1520 951 1680 1003 etiam
1738 951 1881 1003 idem
1936 949 2021 1003 hic
2075 949 2327 1006 musculus

558 1037 780 1093 vicissim
826 1035 1141 1103 maxillam,
1183 1032 1377 1086 laxatis
1422 1032 1803 1100 eletiatoribu5‚
1857 1049 1911 1088 et
1967 1032 2073 1088 offe
2129 1036 2327 1105 hyoide

555 1138 651 1195 per
701 1121 912 1173 sterno-
950 1132 1005 1171 et
1050 1115 1521 1185 coraco-hyoides
1562 1116 1785 1170 dedusto
1830 1132 1884 1171 et
1934 1118 2052 1173 fixo
2078 1161 2093 1188 ,
2153 1121 2327 1177 multo

555 1206 898 1261 commodius
937 1204 1223 1274 deprimit,
1280 1219 1437 1273 quam
1487 1203 1521 1256 ss
1576 1203 1632 1255 in
1678 1200 1926 1271 angulum
1979 1203 2348 1274 posteri'orem'

551 1291 743 1346 infixus
787 1290 966 1344 fuisset.
1059 1288 1169 1342 Ore
1214 1288 1357 1340 enim
1404 1287 1578 1339 clauso
1621 1287 1874 1339 maxillae
1910 1273 2173 1359 proceffus
2195 1307 2334 1345 con-

555 1377 798 1446 dyloides
844 1376 896 1429 in
941 1374 1165 1427 cauitate
1213 1388 1353 1444 pone
1406 1369 1699 1442 apophyfin
1753 1375 2149 1441 zygomaticam
2206 1376 2331 1430 refi-

556 1463 666 1517 det.
752 1459 980 1535 Quando
1031 1473 1210 1512 autem
1266 1474 1327 1510 os
1385 1458 1585 1527 aperire
1644 1454 1810 1521 velis,
1868 1457 2009 1510 idem
2067 1456 2328 1529 proceffus

553 1548 708 1603 situm
758 1557 961 1613 mutat,
1016 1557 1071 1597 et
1113 1559 1218 1614 ope
1264 1541 1480 1596 musculi
1537 1541 1863 1612 pterygoidis
1916 1544 2120 1594 externi
2181 1542 2327 1611 super

554 1631 885 1705 apophyseos
926 1629 1061 1683 istius
1115 1627 1388 1700 tuberculo
1445 1625 1612 1680 versus
1664 1628 1922 1678 anteriora
1977 1625 2325 1700 producitur-3

555 1719 697 1791 quod
748 1715 1107 1784 tuberculum,
1154 1729 1272 1767 cum
1320 1711 1491 1765 multo
1536 1708 1778 1776 demissius
1824 1708 2049 1779 positum
2088 1709 2326 1781 fitquam

555 1804 784 1871 caulem,
835 1799 1119 1854 necessario
1165 1796 1361 1863 efficit,
1405 1808 1464 1850 vt
1504 1795 1719 1866 angulus
1760 1794 2014 1848 maxillae
2072 1795 2330 1866 posterior

553 1888 691 1943 inter
737 1886 1081 1959 aperiendum
1129 1901 1187 1938 os
1231 1883 1553 1954 aliquantum
1599 1880 1885 1933 descendat.
1980 1879 2181 1954 Quodsi
2224 1881 2332 1951 igi-

553 1985 635 2028 tur
689 1972 979 2047 dzgastriczts
1023 1970 1157 2030 huic
1219 1966 1413 2039 angulo
1470 1965 1685 2020 insertus
1740 1962 1952 2019 fuiffet:
2030 1977 2118 2018 aut
2173 1964 2329 2020 huius

555 2059 809 2113 descensui
858 2060 991 2111 inter
1035 2057 1292 2127 agendum
1354 2070 1509 2125 quam
1563 2052 1806 2105 maxime
1862 2046 2178 2123 obstitiffet3
2239 2062 2329 2105 aut

552 2145 693 2198 illius
736 2155 950 2198 exortus
998 2158 1141 2215 pone
1189 2138 1478 2212 apophysin
1523 2136 1835 2191 mastoidem
1880 2147 1931 2188 et
1958 2135 2177 2190 direstio
2205 2153 2331 2190 mu-

555 2232 652 2282 tari
699 2227 966 2282 debuifl'et.
1054 2229 1143 2282 An
1190 2238 1366 2280 autem
1411 2236 1465 2277 et
1522 2235 1676 2292 caput
1737 2232 1988 2287 moueat,
2041 2221 2121 2274 vti
2175 2222 2331 2293 inge-

557 2313 842 2367 niofiffimo
871 2314 1041 2367 'alicui
1087 2312 1224 2365 Viro
1272 2308 1438 2362 visum
1489 2305 1598 2361 est?
1645 2307 1697 2358 id
1745 2305 1857 2359 fieri
1913 2305 2120 2374 quidem
2180 2306 2330 2378 poffe

555 2415 665 2453 non
708 2398 1045 2470 negauerim‘,
1095 2398 1320 2470 quamuis
1344 2402 1477 2449 certe
1503 2390 1619 2447 huic
1642 2390 1787 2462 ffclo
1804 2398 2023 2462 paratus
2048 2407 2139 2445 non
2146 2393 2244 2467 fit.

716 2566 844 2622 VII.
914 2563 1017 2621 Sed
1059 2565 1311 2638 quoniam
1354 2562 1416 2615 ad
1466 2578 1527 2615 os
1566 2559 1793 2630 hyoides
1830 2572 1881 2613 et
1919 2539 2327 2635 deglutitionem

559 2666 870 2729 peruentum
918 2653 1024 2720 est,
1072 2668 1178 2705 non
1224 2645 1428 2720 poffum
1478 2663 1587 2700 non
1633 2647 1808 2718 paullo
1856 2647 2004 2703 fufius
2061 2648 2330 2722 explicare

557 2742 812 2812 insignem
858 2737 1158 2802 militatem,
1208 2751 1362 2806 quem
1413 2730 1626 2787 musculi
1671 2733 1832 2786 vicini
1875 2734 1929 2787 in
1957 2735 2329 2807 promouenda

557 2824 744 2884 saliuae
809 2825 1113 2884 excretione
1183 2835 1254 2879 ex
1309 2816 1556 2892 glandula
1619 2816 1977 2880 whartoniana
2045 2820 2326 2898 praestant.

2175 2903 2326 2963 Haec
