2472 3554
482 166 608 241 με
1059 157 1638 225 OBSERVATIO

481 345 604 385 cum
650 324 840 382 circulo
886 323 1279 391 declinationis,
1307 323 1575 380 habebitur
1600 319 1756 376 etiam
1795 315 2040 392 quaesitus
2063 307 2257 376 DZO

485 409 1078 467 :OZN-DZN.
1174 410 1484 466 Notandum
1545 410 1674 474 hle,
1742 418 1853 460 tum
1899 406 2066 478 quoad
2121 420 2252 459 con·

486 499 825 553 structionem
858 538 873 564 ‚
918 511 1029 550 tum
1072 497 1238 564 quoad
1278 497 1567 563 calculum,
1613 491 1780 565 quod,
1827 508 1945 546 cum
1982 488 2167 546 NDK
2195 490 2255 546 sit

482 586 692 638 diurnus
730 599 980 655 apparens
1021 584 1063 648 §.
1114 593 1170 646 7.
1218 583 1404 655 angulo
1456 577 1617 635 IDZ
1662 577 1913 632 correctio
1953 576 2122 648 aliqua
2162 592 2258 649 ap-

455 669 666 741 ·plicari
710 669 895 722 debeat
941 667 1158 740 petenda
1204 681 1272 720 ex
1330 681 1526 721 mutata
1584 667 1772 718 interea
1830 663 1976 718 lunae
2022 661 2258 716 declina·-

487 755 664 821 tioue,
707 755 829 807 dum
874 770 1104 808 centrum
1148 752 1295 807 lunae
1343 754 1558 826 spatium
1600 750 1695 807 DI
1737 751 1791 803 in
1843 750 2031 804 diurno
2087 763 2257 825 appa-

485 840 616 894 renti
659 838 899 894 confecit.

656 974 700 1037 (5.
751 984 846 1034 30.
897 964 970 1021 Sit
1014 965 1118 1018 iam
1166 965 1218 1017 in
1262 964 1375 1019 data
1422 965 1557 1037 phafi
1599 976 1831 1019 centrum
1873 964 2021 1019 lunae
2081 961 2135 1016 in
2176 960 2263 1032 A,

494 1055 719 1109 distantia
768 1067 1067 1106 centrorum
1112 1050 1265 1104 lunae
1311 1064 1363 1104 et
1407 1052 1623 1104 x‘mbrae
1661 1047 1804 1121 AC;
1854 1064 1906 1105 et
1952 1067 2043 1123 per
2068 1051 2113 1117 §.
2163 1064 2259 1115 29.

492 1142 699 1196 dabitur
748 1140 954 1207 angulus
997 1133 1176 1190 ACG
1221 1137 1420 1207 eiusque
1465 1136 1913 1208 complementum
1957 1137 2020 1190 ad
2064 1133 2265 1189 testum

496 1223 613 1283 AC
633 1225 706 1279 N.
735 1224 926 1276 Sumto
955 1222 1108 1291 igitur
1134 1237 1201 1273 ex
1227 1222 1364 1274 Tab:
1394 1221 1576 1274 astron.
1600 1220 1786 1290 angulo
1811 1220 1932 1275 AN
1951 1219 1997 1275 C
2015 1220 2265 1289 ,Inclina-
2334 1257 2338 1259 -

495 1312 650 1366 tionis
675 1310 873 1362 orbitae
904 1307 1028 1359 xis-ae
1059 1307 1104 1359 A
1125 1305 1177 1359 N
1203 1322 1322 1358 cum
1349 1305 1544 1358 circulo
1572 1305 1847 1359 latitudinis
1874 1305 1926 1362 N
1946 1303 2010 1374 C,
2026 1308 2077 1360 in
2104 1307 2268 1360 trian⁶

498 1396 623 1467 gulo
649 1397 694 1449 A
714 1391 828 1449 CN
849 1434 863 1459 ,
892 1408 958 1444 ex
995 1391 1125 1443 datis
1163 1390 1361 1459 angulis
1388 1386 1571 1444 ACN
1591 1425 1605 1453 ,
1636 1388 1853 1460 ANC‚
1881 1404 1929 1445 et
1954 1392 2109 1447 latere
2150 1387 2265 1447 AC

499 1481 569 1535 in·
592 1482 849 1544 emuntur,
867 1475 912 1531 C
931 1476 983 1531 N
1013 1474 1221 1530 latitudo
1247 1474 1389 1529 lunae
1413 1479 1462 1531 in
1483 1477 1787 1549 oppofitione,
1815 1491 1865 1530 et
1888 1480 1938 1532 A
1959 1478 2009 1534 N
2036 1477 2269 1532 distantia

496 1566 659 1620 centri
687 1566 829 1618 lunae
858 1563 908 1616 in
937 1564 1055 1615 data
1085 1560 1222 1632 plmfi
1248 1578 1274 1613 a
1301 1561 1421 1615 loco
1447 1563 2086 1634 opp<›s1tioni5,quaeAN
2119 1563 2272 1636 slope

499 1649 694 1706 horarii
741 1650 887 1703 lunae
937 1648 986 1700 in
1033 1647 1200 1699 orbita
1246 1646 1347 1699 visa
1392 1663 1459 1700 ex
1506 1649 1642 1702 Tab:
1690 1647 1876 1701 astron,
1933 1648 2084 1701 sumti
2144 1665 2272 1703 con·
2344 1716 2348 1720 ἴ

499 1749 725 1790 uertatur
774 1735 821 1787 in
873 1746 1118 1803 tempus,
1167 1730 1321 1801 idque
1366 1734 1594 1804 tempori
1651 1731 1864 1803 phaseos
1919 1734 1971 1786 in
2016 1734 2070 1788 A
2115 1734 2272 1787 adda-

504 1831 617 1888 tur,
665 1828 950 1874 momentum
996 1816 1298 1890 oppofitionis
1338 1813 1459 1889 solis
1501 1827 1549 1871 et
1592 1817 1735 1871 lunae
1778 1818 1971 1888 prodit.
2061 1815 2144 1873 Sit
2186 1813 2271 1873 IC

504 1905 722 1976 aequalis
765 1904 995 1957 summae
1041 1901 1550 1957 {emidiametrorum
1600 1903 1749 1956 lunae
1777 1915 1826 1955 et
1865 1903 2107 1970 vmbrae,
2147 1905 2276 1956 erit-

502 2007 599 2063 que
656 1991 810 2043 Initio
865 1989 1109 2059 eclipleos
1163 2001 1396 2041 centrum
1451 1987 1598 2042 lunae
1642 1988 1696 2041 in
1742 1985 1784 2040 I.
1841 1987 1929 2042 Ex
1971 1987 2281 2041 resolutione

504 2076 747 2148 trianguli
796 2071 987 2140 INC‚
1033 2074 1086 2126 in
1129 2089 1232 2144 quo
1278 2073 1435 2128 latera
1480 2072 1628 2141 NC‚
1673 2070 1758 2127 IC
1799 2086 1852 2127 et
1877 2070 2275 2145 angulusINC

504 2162 700 2216 orbitae
727 2159 855 2215 visae
899 2177 1017 2213 cum
1046 2159 1239 2212 circulo
1289 2160 1562 2215 latitudinis
1606 2161 1815 2226 dantur,
1862 2157 2273 2227 innotelcith,

506 2263 636 2318 quae
684 2246 719 2301 si
763 2264 865 2318 ope
907 2245 1101 2300 horarii
1146 2244 1294 2298 lunae
1338 2247 1391 2300 in
1440 2247 1607 2301 orbita
1654 2244 1758 2298 visa
1806 2245 1857 2299 in
1904 2259 2111 2316 tempus
2149 2236 2294 2300 con--⁴

507 2344 761 2401 uertatur,
809 2334 956 2401 idque
1003 2348 1028 2384 a
1078 2343 1316 2400 tempore
1361 2331 1700 2403 oppositionis
1745 2330 1798 2385 in
1842 2331 1900 2388 N
1947 2331 2276 2405 subducatur,

508 2432 740 2473 remanet
781 2425 1067 2472 momentum
1114 2418 1244 2486 initii
1284 2417 1471 2494 eclipsts
1512 2419 1565 2473 in
1609 2416 1658 2474 Ι.

220 1008 357 1062 Figura
395 1023 437 1065 4.

665 2547 710 2613 ξ.
762 2563 860 2615 31.
911 2546 974 2602 In
1015 2546 1199 2601 eadem
1244 2560 1516 2601 momenta
1545 2564 1636 2619 per
1676 2546 2104 2605 constructionem
2134 2547 2283 2604 sche-

511 2630 661 2684 matis
705 2631 950 2703 inquilini.
1040 2631 1261 2687 Lineam
1309 2629 1423 2687 AC
1466 2634 1517 2688 in
1558 2635 1670 2686 data
1709 2633 1847 2704 phafi
1889 2636 2129 2690 inclinaui
2156 2652 2279 2690 ver-

510 2713 591 2768 sus
658 2715 963 2785 Feliptic-am
1018 2712 1132 2773 CG
1180 2720 1234 2773 in
1302 2719 1490 2790 angulo
1536 2715 1713 2774 ACG
1760 2736 1850 2793 per
1890 2722 1936 2788 ξ.
1990 2739 2064 2788 29
2099 2722 2277 2775 -dat0.

512 2796 667 2874 Facta
714 2798 1186 2860 ACz-distantiae
1228 2818 1526 2862 centrorum
1570 2805 1722 2861 lunae
1765 2823 1817 2861 er
1847 2806 2060 2864 vmbrae
2083 2807 2136 2860 in
2160 2809 2281 2860 data

2143 2891 2288 2970 phafi
