<?xml version="1.0" encoding="UTF-8"?>
<!DOCTYPE html PUBLIC "-//W3C//DTD XHTML 1.0 Transitional//EN"
    "http://www.w3.org/TR/xhtml1/DTD/xhtml1-transitional.dtd">
<html xmlns="http://www.w3.org/1999/xhtml" xml:lang="en" lang="en">
 <head>
  <title>
</title>
<meta http-equiv="Content-Type" content="text/html;charset=utf-8" />
  <meta name='ocr-system' content='tesseract 3.04.00' />
  <meta name='ocr-capabilities' content='ocr_page ocr_carea ocr_par ocr_line ocrx_word'/>
</head>
<body>
  <div class='ocr_page' id='page_1' title='image "./commentariiacade09impe_0064.png"; bbox 0 0 2472 3554; ppageno 0'>
   <div class='ocr_carea' id='block_1_1' title="bbox 414 171 2240 1198">
    <p class='ocr_par' dir='ltr' id='par_1_1' title="bbox 421 171 1721 264">
     <span class='ocr_line' id='line_1_1' title="bbox 421 171 1721 264; baseline 0 -18"><span class='ocrx_word' id='word_1_1' title='bbox 421 182 507 246; x_wconf 64' lang='lat'>3³6</span> <span class='ocrx_word' id='word_1_2' title='bbox 918 175 1027 241; x_wconf 86' lang='lat' dir='ltr'>DE</span> <span class='ocrx_word' id='word_1_3' title='bbox 1073 171 1310 238; x_wconf 83' lang='lat' dir='ltr'><em>MOTV</em></span> <span class='ocrx_word' id='word_1_4' title='bbox 1353 171 1721 264; x_wconf 70' lang='lat' dir='ltr'><em>AQVARVM</em></span> 
     </span>
    </p>

    <p class='ocr_par' dir='ltr' id='par_1_2' title="bbox 414 335 2240 1198">
     <span class='ocr_line' id='line_1_2' title="bbox 418 335 2190 428; baseline -0.007 -12"><span class='ocrx_word' id='word_1_5' title='bbox 418 357 575 416; x_wconf 64' lang='lat' dir='ltr'>aucto</span> <span class='ocrx_word' id='word_1_6' title='bbox 627 351 775 413; x_wconf 89' lang='lat' dir='ltr'>enim</span> <span class='ocrx_word' id='word_1_7' title='bbox 826 369 876 410; x_wconf 85' lang='lat' dir='ltr'>m</span> <span class='ocrx_word' id='word_1_8' title='bbox 930 363 1146 426; x_wconf 86' lang='lat' dir='ltr'>augetur</span> <span class='ocrx_word' id='word_1_9' title='bbox 1199 349 1353 407; x_wconf 78' lang='lat' dir='ltr'>valor</span> <span class='ocrx_word' id='word_1_10' title='bbox 1406 348 1668 409; x_wconf 58' lang='lat' dir='ltr'>fractionis</span> <span class='ocrx_word' id='word_1_11' title='bbox 1722 335 1962 428; x_wconf 49' lang='lat' dir='ltr'>fflffi-ff:</span> <span class='ocrx_word' id='word_1_12' title='bbox 2019 355 2190 413; x_wconf 76' lang='lat' dir='ltr'>donee</span> 
     </span>
     <span class='ocr_line' id='line_1_3' title="bbox 417 436 2194 517; baseline -0.001 -18"><span class='ocrx_word' id='word_1_13' title='bbox 417 445 671 501; x_wconf 85' lang='lat' dir='ltr'>euadente</span> <span class='ocrx_word' id='word_1_14' title='bbox 713 439 932 511; x_wconf 72' lang='lat' dir='ltr'>mzh,</span> <span class='ocrx_word' id='word_1_15' title='bbox 977 440 1226 495; x_wconf 79' lang='lat' dir='ltr'>velocitas</span> <span class='ocrx_word' id='word_1_16' title='bbox 1269 437 1508 493; x_wconf 82' lang='lat' dir='ltr'>maxima</span> <span class='ocrx_word' id='word_1_17' title='bbox 1555 436 1611 492; x_wconf 75' lang='lat' dir='ltr'>sit</span> <span class='ocrx_word' id='word_1_18' title='bbox 1649 438 1875 515; x_wconf 82' lang='lat' dir='ltr'>infinita,</span> <span class='ocrx_word' id='word_1_19' title='bbox 1922 443 2065 517; x_wconf 88' lang='lat' dir='ltr'>quod</span> <span class='ocrx_word' id='word_1_20' title='bbox 2091 460 2194 498; x_wconf 81' lang='lat' dir='ltr'>ve-</span> 
     </span>
     <span class='ocr_line' id='line_1_4' title="bbox 417 522 2194 599; baseline -0.005 -14"><span class='ocrx_word' id='word_1_21' title='bbox 417 546 538 586; x_wconf 89' lang='lat' dir='ltr'>rum</span> <span class='ocrx_word' id='word_1_22' title='bbox 584 524 686 583; x_wconf 90' lang='lat' dir='ltr'>esse</span> <span class='ocrx_word' id='word_1_23' title='bbox 729 528 823 584; x_wconf 84' lang='lat' dir='ltr'>vel</span> <span class='ocrx_word' id='word_1_24' title='bbox 865 527 991 582; x_wconf 90' lang='lat' dir='ltr'>hinc</span> <span class='ocrx_word' id='word_1_25' title='bbox 1039 541 1244 599; x_wconf 90' lang='lat' dir='ltr'>quoquc</span> <span class='ocrx_word' id='word_1_26' title='bbox 1300 535 1476 596; x_wconf 82' lang='lat' dir='ltr'>patet,</span> <span class='ocrx_word' id='word_1_27' title='bbox 1543 522 1662 595; x_wconf 85' lang='lat' dir='ltr'>quia</span> <span class='ocrx_word' id='word_1_28' title='bbox 1712 539 1834 579; x_wconf 77' lang='lat' dir='ltr'>tunc</span> <span class='ocrx_word' id='word_1_29' title='bbox 1890 543 1943 585; x_wconf 82' lang='lat' dir='ltr'>et</span> <span class='ocrx_word' id='word_1_30' title='bbox 1995 544 2086 584; x_wconf 77' lang='lat' dir='ltr'>vas</span> <span class='ocrx_word' id='word_1_31' title='bbox 2138 540 2194 583; x_wconf 84' lang='lat' dir='ltr'>et</span> 
     </span>
     <span class='ocr_line' id='line_1_5' title="bbox 414 608 2198 684; baseline -0.006 -14"><span class='ocrx_word' id='word_1_32' title='bbox 414 615 565 671; x_wconf 86' lang='lat' dir='ltr'>tubus</span> <span class='ocrx_word' id='word_1_33' title='bbox 608 614 720 669; x_wconf 89' lang='lat' dir='ltr'>sunt</span> <span class='ocrx_word' id='word_1_34' title='bbox 761 615 992 669; x_wconf 88' lang='lat' dir='ltr'>eiusdem</span> <span class='ocrx_word' id='word_1_35' title='bbox 1037 610 1429 684; x_wconf 81' lang='lat' dir='ltr'>amplitudinis,</span> <span class='ocrx_word' id='word_1_36' title='bbox 1484 608 1813 681; x_wconf 81' lang='lat' dir='ltr'>formantque</span> <span class='ocrx_word' id='word_1_37' title='bbox 1858 628 2015 673; x_wconf 65' lang='lat' dir='ltr'>vnum</span> <span class='ocrx_word' id='word_1_38' title='bbox 2064 629 2198 670; x_wconf 78' lang='lat' dir='ltr'>con-</span> 
     </span>
     <span class='ocr_line' id='line_1_6' title="bbox 418 696 2240 775; baseline -0.003 -20"><span class='ocrx_word' id='word_1_39' title='bbox 418 703 623 756; x_wconf 74' lang='lat' dir='ltr'>tinuum,</span> <span class='ocrx_word' id='word_1_40' title='bbox 674 701 857 755; x_wconf 87' lang='lat' dir='ltr'>tubum</span> <span class='ocrx_word' id='word_1_41' title='bbox 901 698 1197 767; x_wconf 87' lang='lat' dir='ltr'>reflexum,</span> <span class='ocrx_word' id='word_1_42' title='bbox 1245 697 1478 767; x_wconf 84' lang='lat' dir='ltr'>adeoque</span> <span class='ocrx_word' id='word_1_43' title='bbox 1524 696 1602 749; x_wconf 85' lang='lat' dir='ltr'>vis</span> <span class='ocrx_word' id='word_1_44' title='bbox 1643 696 1884 768; x_wconf 83' lang='lat' dir='ltr'>ponderis</span> <span class='ocrx_word' id='word_1_45' title='bbox 1939 696 2093 775; x_wconf 75' lang='lat' dir='ltr'>aquae</span> <span class='ocrx_word' id='word_1_46' title='bbox 2140 698 2196 756; x_wconf 85' lang='lat' dir='ltr'>in</span> <span class='ocrx_word' id='word_1_47' title='bbox 2237 753 2240 755; x_wconf 70' lang='grc'><strong>,</strong></span> 
     </span>
     <span class='ocr_line' id='line_1_7' title="bbox 417 779 2198 860; baseline 0 -19"><span class='ocrx_word' id='word_1_48' title='bbox 417 800 567 860; x_wconf 81' lang='lat' dir='ltr'>parte</span> <span class='ocrx_word' id='word_1_49' title='bbox 611 787 720 841; x_wconf 88' lang='lat' dir='ltr'>AF</span> <span class='ocrx_word' id='word_1_50' title='bbox 763 786 967 858; x_wconf 78' lang='lat' dir='ltr'>semper</span> <span class='ocrx_word' id='word_1_51' title='bbox 1011 783 1162 856; x_wconf 81' lang='lat' dir='ltr'>plena</span> <span class='ocrx_word' id='word_1_52' title='bbox 1208 781 1458 836; x_wconf 80' lang='lat' dir='ltr'>accelerat</span> <span class='ocrx_word' id='word_1_53' title='bbox 1500 792 1667 835; x_wconf 81' lang='lat' dir='ltr'>totam</span> <span class='ocrx_word' id='word_1_54' title='bbox 1713 779 1928 837; x_wconf 66' lang='lat' dir='ltr'>maffam</span> <span class='ocrx_word' id='word_1_55' title='bbox 1956 801 2198 859; x_wconf 78' lang='lat' dir='ltr'>aqueam,</span> 
     </span>
     <span class='ocr_line' id='line_1_8' title="bbox 420 865 2200 938; baseline 0.001 -12"><span class='ocrx_word' id='word_1_56' title='bbox 420 886 483 927; x_wconf 80' lang='lat' dir='ltr'>vt</span> <span class='ocrx_word' id='word_1_57' title='bbox 527 872 737 926; x_wconf 82' lang='lat' dir='ltr'>tandem</span> <span class='ocrx_word' id='word_1_58' title='bbox 782 872 892 925; x_wconf 88' lang='lat' dir='ltr'>eius</span> <span class='ocrx_word' id='word_1_59' title='bbox 951 870 1204 924; x_wconf 83' lang='lat' dir='ltr'>velocitas</span> <span class='ocrx_word' id='word_1_60' title='bbox 1255 879 1498 938; x_wconf 89' lang='lat' dir='ltr'>tempore</span> <span class='ocrx_word' id='word_1_61' title='bbox 1552 865 1765 921; x_wconf 90' lang='lat' dir='ltr'>infinito</span> <span class='ocrx_word' id='word_1_62' title='bbox 1818 881 2057 938; x_wconf 83' lang='lat' dir='ltr'>generata</span> <span class='ocrx_word' id='word_1_63' title='bbox 2109 871 2200 928; x_wconf 78' lang='lat' dir='ltr'>fiat</span> 
     </span>
     <span class='ocr_line' id='line_1_9' title="bbox 419 951 2200 1029; baseline -0.002 -18"><span class='ocrx_word' id='word_1_64' title='bbox 419 968 474 1011; x_wconf 89' lang='lat' dir='ltr'>et</span> <span class='ocrx_word' id='word_1_65' title='bbox 515 956 618 1026; x_wconf 80' lang='lat' dir='ltr'>ipsa</span> <span class='ocrx_word' id='word_1_66' title='bbox 648 956 868 1009; x_wconf 77' lang='lat' dir='ltr'>infinita.</span> <span class='ocrx_word' id='word_1_67' title='bbox 966 954 1114 1009; x_wconf 79' lang='lat' dir='ltr'>Nam</span> <span class='ocrx_word' id='word_1_68' title='bbox 1143 952 1367 1005; x_wconf 84' lang='lat' dir='ltr'>dicendo</span> <span class='ocrx_word' id='word_1_69' title='bbox 1394 951 1781 1019; x_wconf 82' lang='lat' dir='ltr'>longitudinem</span> <span class='ocrx_word' id='word_1_70' title='bbox 1795 954 1914 1013; x_wconf 76' lang='lat' dir='ltr'>,tubi</span> <span class='ocrx_word' id='word_1_71' title='bbox 1940 951 2200 1029; x_wconf 75' lang='lat' dir='ltr'><strong>FC:b‚</strong></span> 
     </span>
     <span class='ocr_line' id='line_1_10' title="bbox 424 1032 2204 1108; baseline 0.001 -13"><span class='ocrx_word' id='word_1_72' title='bbox 424 1040 586 1098; x_wconf 70' lang='lat' dir='ltr'>mafl&#39;a</span> <span class='ocrx_word' id='word_1_73' title='bbox 643 1041 820 1093; x_wconf 83' lang='lat' dir='ltr'>omnis</span> <span class='ocrx_word' id='word_1_74' title='bbox 884 1054 1044 1108; x_wconf 79' lang='lat' dir='ltr'>aquae</span> <span class='ocrx_word' id='word_1_75' title='bbox 1100 1038 1156 1088; x_wconf 88' lang='lat' dir='ltr'>in</span> <span class='ocrx_word' id='word_1_76' title='bbox 1209 1034 1338 1088; x_wconf 90' lang='lat' dir='ltr'>tubo</span> <span class='ocrx_word' id='word_1_77' title='bbox 1402 1035 1606 1089; x_wconf 85' lang='lat' dir='ltr'>reflexo</span> <span class='ocrx_word' id='word_1_78' title='bbox 1667 1032 1850 1094; x_wconf 90' lang='lat' dir='ltr'>AGC</span> <span class='ocrx_word' id='word_1_79' title='bbox 1893 1042 1994 1094; x_wconf 90' lang='lat' dir='ltr'>erit</span> <span class='ocrx_word' id='word_1_80' title='bbox 2035 1041 2204 1101; x_wconf 77' lang='lat' dir='ltr'>:ha</span> 
     </span>
     <span class='ocr_line' id='line_1_11' title="bbox 424 1117 2213 1198; baseline 0 -17"><span class='ocrx_word' id='word_1_81' title='bbox 424 1125 642 1193; x_wconf 67' lang='lat' dir='ltr'>÷hb‚</span> <span class='ocrx_word' id='word_1_82' title='bbox 689 1139 848 1195; x_wconf 78' lang='lat' dir='ltr'>eaque</span> <span class='ocrx_word' id='word_1_83' title='bbox 894 1139 1002 1176; x_wconf 88' lang='lat' dir='ltr'>non</span> <span class='ocrx_word' id='word_1_84' title='bbox 1045 1119 1194 1175; x_wconf 79' lang='lat' dir='ltr'>aliter</span> <span class='ocrx_word' id='word_1_85' title='bbox 1245 1117 1615 1175; x_wconf 79' lang='lat' dir='ltr'>accelerabitur</span> <span class='ocrx_word' id='word_1_86' title='bbox 1661 1139 1819 1194; x_wconf 83' lang='lat' dir='ltr'>quam</span> <span class='ocrx_word' id='word_1_87' title='bbox 1876 1141 2065 1198; x_wconf 86' lang='lat' dir='ltr'>corpus</span> <span class='ocrx_word' id='word_1_88' title='bbox 2112 1126 2213 1181; x_wconf 87' lang='lat' dir='ltr'>ali-</span> 
     </span>
    </p>
   </div>
   <div class='ocr_carea' id='block_1_2' title="bbox 423 1215 2199 1310">
    <p class='ocr_par' dir='ltr' id='par_1_3' title="bbox 423 1215 2199 1310">
     <span class='ocr_line' id='line_1_12' title="bbox 423 1215 2199 1310; baseline -0.008 -22"><span class='ocrx_word' id='word_1_89' title='bbox 423 1233 563 1305; x_wconf 89' lang='lat' dir='ltr'>quod</span> <span class='ocrx_word' id='word_1_90' title='bbox 612 1231 837 1286; x_wconf 83' lang='lat' dir='ltr'>solidum</span> <span class='ocrx_word' id='word_1_91' title='bbox 864 1228 1004 1302; x_wconf 82' lang='lat' dir='ltr'>quod</span> <span class='ocrx_word' id='word_1_92' title='bbox 1032 1226 1349 1282; x_wconf 73' lang='lat' dir='ltr'>animaretur</span> <span class='ocrx_word' id='word_1_93' title='bbox 1375 1225 1430 1280; x_wconf 82' lang='lat' dir='ltr'>vi</span> <span class='ocrx_word' id='word_1_94' title='bbox 1457 1225 1821 1283; x_wconf 83' lang='lat' dir='ltr'>acceleratrice</span> <span class='ocrx_word' id='word_1_95' title='bbox 1867 1215 2199 1310; x_wconf 46' lang='grc' dir='ltr'>ΞἯἪῩ</span> 
     </span>
    </p>
   </div>
   <div class='ocr_carea' id='block_1_3' title="bbox 424 1320 2216 1488">
    <p class='ocr_par' dir='ltr' id='par_1_4' title="bbox 424 1320 2216 1488">
     <span class='ocr_line' id='line_1_13' title="bbox 425 1320 2216 1405; baseline 0.001 -21"><span class='ocrx_word' id='word_1_96' title='bbox 425 1320 693 1405; x_wconf 41' lang='lat' dir='ltr'>:EQ-g,</span> <span class='ocrx_word' id='word_1_97' title='bbox 748 1328 850 1382; x_wconf 71' lang='lat' dir='ltr'>tale</span> <span class='ocrx_word' id='word_1_98' title='bbox 910 1327 1090 1397; x_wconf 83' lang='lat' dir='ltr'>vtique</span> <span class='ocrx_word' id='word_1_99' title='bbox 1135 1341 1321 1397; x_wconf 86' lang='lat' dir='ltr'>corpus</span> <span class='ocrx_word' id='word_1_100' title='bbox 1365 1324 1605 1379; x_wconf 77' lang='lat' dir='ltr'>cadendo</span> <span class='ocrx_word' id='word_1_101' title='bbox 1648 1344 1744 1400; x_wconf 89' lang='lat' dir='ltr'>per</span> <span class='ocrx_word' id='word_1_102' title='bbox 1786 1339 1995 1402; x_wconf 87' lang='lat' dir='ltr'>tempus</span> <span class='ocrx_word' id='word_1_103' title='bbox 2036 1329 2216 1386; x_wconf 84' lang='lat' dir='ltr'>infini-</span> 
     </span>
     <span class='ocr_line' id='line_1_14' title="bbox 424 1410 1588 1488; baseline -0.005 -19"><span class='ocrx_word' id='word_1_104' title='bbox 424 1426 541 1470; x_wconf 87' lang='lat' dir='ltr'>tum</span> <span class='ocrx_word' id='word_1_105' title='bbox 585 1416 873 1488; x_wconf 82' lang='lat' dir='ltr'>acquireret</span> <span class='ocrx_word' id='word_1_106' title='bbox 920 1413 1257 1467; x_wconf 81' lang='lat' dir='ltr'>velocitatem</span> <span class='ocrx_word' id='word_1_107' title='bbox 1308 1410 1588 1464; x_wconf 76' lang='lat' dir='ltr'>infinitam.</span> 
     </span>
    </p>
   </div>
   <div class='ocr_carea' id='block_1_4' title="bbox 1001 1536 1645 1634">
    <p class='ocr_par' dir='ltr' id='par_1_5' title="bbox 1001 1536 1645 1634">
     <span class='ocr_line' id='line_1_15' title="bbox 1001 1536 1645 1634; baseline -0.003 -19"><span class='ocrx_word' id='word_1_108' title='bbox 1001 1536 1513 1617; x_wconf 77' lang='lat' dir='ltr'>Corollarium</span> <span class='ocrx_word' id='word_1_109' title='bbox 1577 1562 1645 1634; x_wconf 70' lang='grc' dir='ltr'>ζ.</span> 
     </span>
    </p>
   </div>
   <div class='ocr_carea' id='block_1_5' title="bbox 425 1653 2220 1902">
    <p class='ocr_par' dir='ltr' id='par_1_6' title="bbox 425 1653 2220 1902">
     <span class='ocr_line' id='line_1_16' title="bbox 588 1653 2219 1730; baseline 0.003 -17"><span class='ocrx_word' id='word_1_110' title='bbox 588 1653 647 1714; x_wconf 86' lang='lat' dir='ltr'>Si</span> <span class='ocrx_word' id='word_1_111' title='bbox 694 1673 823 1712; x_wconf 84' lang='lat' dir='ltr'>vero</span> <span class='ocrx_word' id='word_1_112' title='bbox 867 1674 915 1711; x_wconf 83' lang='lat' dir='ltr'>m</span> <span class='ocrx_word' id='word_1_113' title='bbox 972 1659 1138 1712; x_wconf 81' lang='lat' dir='ltr'>maius</span> <span class='ocrx_word' id='word_1_114' title='bbox 1196 1654 1323 1711; x_wconf 86' lang='lat' dir='ltr'>effet</span> <span class='ocrx_word' id='word_1_115' title='bbox 1378 1675 1533 1730; x_wconf 85' lang='lat' dir='ltr'>quam</span> <span class='ocrx_word' id='word_1_116' title='bbox 1592 1655 1661 1726; x_wconf 82' lang='lat' dir='ltr'>h,</span> <span class='ocrx_word' id='word_1_117' title='bbox 1716 1655 1770 1712; x_wconf 88' lang='lat' dir='ltr'>id</span> <span class='ocrx_word' id='word_1_118' title='bbox 1816 1657 1920 1729; x_wconf 80' lang='lat' dir='ltr'>est,</span> <span class='ocrx_word' id='word_1_119' title='bbox 1976 1659 2010 1715; x_wconf 88' lang='lat' dir='ltr'>fi</span> <span class='ocrx_word' id='word_1_120' title='bbox 2069 1662 2219 1719; x_wconf 88' lang='lat' dir='ltr'>tubus</span> 
     </span>
     <span class='ocr_line' id='line_1_17' title="bbox 427 1740 2220 1816; baseline 0.001 -14"><span class='ocrx_word' id='word_1_121' title='bbox 427 1744 778 1803; x_wconf 77' lang='lat' dir='ltr'>horizontalis</span> <span class='ocrx_word' id='word_1_122' title='bbox 821 1743 1048 1814; x_wconf 84' lang='lat' dir='ltr'>amplior</span> <span class='ocrx_word' id='word_1_123' title='bbox 1093 1740 1218 1797; x_wconf 83' lang='lat' dir='ltr'>effet</span> <span class='ocrx_word' id='word_1_124' title='bbox 1261 1762 1415 1816; x_wconf 75' lang='lat' dir='ltr'>quam</span> <span class='ocrx_word' id='word_1_125' title='bbox 1474 1760 1565 1798; x_wconf 84' lang='lat' dir='ltr'>vas</span> <span class='ocrx_word' id='word_1_126' title='bbox 1620 1743 1899 1813; x_wconf 80' lang='lat' dir='ltr'>verticale‚</span> <span class='ocrx_word' id='word_1_127' title='bbox 1961 1745 2220 1803; x_wconf 81' lang='lat' dir='ltr'>velocitas</span> 
     </span>
     <span class='ocr_line' id='line_1_18' title="bbox 425 1830 2220 1902; baseline -0.001 -15"><span class='ocrx_word' id='word_1_128' title='bbox 425 1832 666 1888; x_wconf 79' lang='lat' dir='ltr'>maxima</span> <span class='ocrx_word' id='word_1_129' title='bbox 715 1845 975 1900; x_wconf 78' lang='lat' dir='ltr'>nunquam</span> <span class='ocrx_word' id='word_1_130' title='bbox 1022 1843 1075 1883; x_wconf 88' lang='lat' dir='ltr'>et</span> <span class='ocrx_word' id='word_1_131' title='bbox 1108 1847 1185 1889; x_wconf 65' lang='lat' dir='ltr'>‚ne</span> <span class='ocrx_word' id='word_1_132' title='bbox 1228 1831 1440 1902; x_wconf 88' lang='lat' dir='ltr'>quidem</span> <span class='ocrx_word' id='word_1_133' title='bbox 1493 1842 1741 1901; x_wconf 90' lang='lat' dir='ltr'>tempore</span> <span class='ocrx_word' id='word_1_134' title='bbox 1797 1830 2009 1886; x_wconf 89' lang='lat' dir='ltr'>infinito</span> <span class='ocrx_word' id='word_1_135' title='bbox 2064 1833 2220 1886; x_wconf 82' lang='lat' dir='ltr'>dare-</span> 
     </span>
    </p>
   </div>
   <div class='ocr_carea' id='block_1_6' title="bbox 425 1917 2220 2605">
    <p class='ocr_par' dir='ltr' id='par_1_7' title="bbox 425 1917 2220 2605">
     <span class='ocr_line' id='line_1_19' title="bbox 430 1917 2219 2011; baseline 0.002 -18"><span class='ocrx_word' id='word_1_136' title='bbox 430 1949 545 2006; x_wconf 87' lang='lat' dir='ltr'>tur,</span> <span class='ocrx_word' id='word_1_137' title='bbox 591 1934 727 1991; x_wconf 87' lang='lat' dir='ltr'>foret</span> <span class='ocrx_word' id='word_1_138' title='bbox 770 1938 914 1991; x_wconf 85' lang='lat' dir='ltr'>enim</span> <span class='ocrx_word' id='word_1_139' title='bbox 959 1917 1162 2009; x_wconf 45' lang='lat' dir='ltr'>RQ]</span> <span class='ocrx_word' id='word_1_140' title='bbox 1204 1938 1545 2011; x_wconf 77' lang='lat' dir='ltr'>negatiuum3</span> <span class='ocrx_word' id='word_1_141' title='bbox 1594 1938 1791 1993; x_wconf 85' lang='lat' dir='ltr'>indicio</span> <span class='ocrx_word' id='word_1_142' title='bbox 1836 1941 1974 2011; x_wconf 89' lang='lat' dir='ltr'>quod</span> <span class='ocrx_word' id='word_1_143' title='bbox 2000 1939 2219 1995; x_wconf 84' lang='lat' dir='ltr'>durante</span> 
     </span>
     <span class='ocr_line' id='line_1_20' title="bbox 427 2024 2220 2095; baseline -0.001 -16"><span class='ocrx_word' id='word_1_144' title='bbox 427 2024 577 2079; x_wconf 85' lang='lat' dir='ltr'>fluxu</span> <span class='ocrx_word' id='word_1_145' title='bbox 621 2024 674 2076; x_wconf 90' lang='lat' dir='ltr'>in</span> <span class='ocrx_word' id='word_1_146' title='bbox 718 2034 987 2076; x_wconf 79' lang='lat' dir='ltr'>aeternum</span> <span class='ocrx_word' id='word_1_147' title='bbox 1038 2024 1346 2078; x_wconf 80' lang='lat' dir='ltr'>acceleratio</span> <span class='ocrx_word' id='word_1_148' title='bbox 1391 2040 1552 2095; x_wconf 81' lang='lat' dir='ltr'>aquae</span> <span class='ocrx_word' id='word_1_149' title='bbox 1607 2024 1865 2079; x_wconf 85' lang='lat' dir='ltr'>effluentis</span> <span class='ocrx_word' id='word_1_150' title='bbox 1922 2026 2220 2080; x_wconf 82' lang='lat' dir='ltr'>incremen-</span> 
     </span>
     <span class='ocr_line' id='line_1_21' title="bbox 425 2109 2219 2180; baseline 0 -17"><span class='ocrx_word' id='word_1_151' title='bbox 425 2120 543 2163; x_wconf 87' lang='lat' dir='ltr'>tum</span> <span class='ocrx_word' id='word_1_152' title='bbox 586 2124 771 2180; x_wconf 82' lang='lat' dir='ltr'>capere</span> <span class='ocrx_word' id='word_1_153' title='bbox 818 2126 924 2162; x_wconf 90' lang='lat' dir='ltr'>non</span> <span class='ocrx_word' id='word_1_154' title='bbox 974 2109 1191 2164; x_wconf 77' lang='lat' dir='ltr'>desinet:</span> <span class='ocrx_word' id='word_1_155' title='bbox 1238 2109 1363 2163; x_wconf 90' lang='lat' dir='ltr'>Hoc</span> <span class='ocrx_word' id='word_1_156' title='bbox 1411 2110 1554 2163; x_wconf 88' lang='lat' dir='ltr'>enim</span> <span class='ocrx_word' id='word_1_157' title='bbox 1602 2110 1655 2163; x_wconf 90' lang='lat' dir='ltr'>in</span> <span class='ocrx_word' id='word_1_158' title='bbox 1699 2110 1812 2164; x_wconf 81' lang='lat' dir='ltr'>casu</span> <span class='ocrx_word' id='word_1_159' title='bbox 1860 2110 1953 2165; x_wconf 91' lang='lat' dir='ltr'>fiet</span> <span class='ocrx_word' id='word_1_160' title='bbox 1996 2111 2050 2163; x_wconf 89' lang='lat' dir='ltr'>in</span> <span class='ocrx_word' id='word_1_161' title='bbox 2088 2109 2219 2164; x_wconf 92' lang='lat' dir='ltr'>tubo</span> 
     </span>
     <span class='ocr_line' id='line_1_22' title="bbox 430 2192 2220 2266; baseline 0 -19"><span class='ocrx_word' id='word_1_162' title='bbox 430 2210 618 2265; x_wconf 86' lang='lat' dir='ltr'>gurges</span> <span class='ocrx_word' id='word_1_163' title='bbox 661 2192 883 2248; x_wconf 89' lang='lat' dir='ltr'>inuersus</span> <span class='ocrx_word' id='word_1_164' title='bbox 925 2194 1203 2266; x_wconf 83' lang='lat' dir='ltr'>respiciens</span> <span class='ocrx_word' id='word_1_165' title='bbox 1257 2194 1516 2249; x_wconf 84' lang='lat' dir='ltr'>orificium</span> <span class='ocrx_word' id='word_1_166' title='bbox 1565 2193 1705 2263; x_wconf 79' lang='lat' dir='ltr'>BC,</span> <span class='ocrx_word' id='word_1_167' title='bbox 1762 2197 1847 2266; x_wconf 91' lang='lat' dir='ltr'>qui</span> <span class='ocrx_word' id='word_1_168' title='bbox 1905 2209 1963 2248; x_wconf 88' lang='lat' dir='ltr'>vt</span> <span class='ocrx_word' id='word_1_169' title='bbox 2017 2211 2086 2247; x_wconf 81' lang='lat' dir='ltr'>ex</span> <span class='ocrx_word' id='word_1_170' title='bbox 2139 2194 2220 2248; x_wconf 90' lang='lat' dir='ltr'>se-</span> 
     </span>
     <span class='ocr_line' id='line_1_23' title="bbox 432 2279 2215 2351; baseline 0.001 -18"><span class='ocrx_word' id='word_1_171' title='bbox 432 2279 702 2351; x_wconf 83' lang='lat' dir='ltr'>quentibus</span> <span class='ocrx_word' id='word_1_172' title='bbox 750 2279 948 2348; x_wconf 79' lang='lat' dir='ltr'>patebit</span> <span class='ocrx_word' id='word_1_173' title='bbox 990 2296 1108 2332; x_wconf 81' lang='lat' dir='ltr'>eam</span> <span class='ocrx_word' id='word_1_174' title='bbox 1155 2279 1315 2332; x_wconf 79' lang='lat' dir='ltr'>habet</span> <span class='ocrx_word' id='word_1_175' title='bbox 1359 2292 1628 2350; x_wconf 75' lang='lat' dir='ltr'>naturam,</span> <span class='ocrx_word' id='word_1_176' title='bbox 1672 2291 1731 2333; x_wconf 86' lang='lat' dir='ltr'>vt</span> <span class='ocrx_word' id='word_1_177' title='bbox 1773 2280 1885 2333; x_wconf 88' lang='lat' dir='ltr'>vim</span> <span class='ocrx_word' id='word_1_178' title='bbox 1927 2281 2215 2334; x_wconf 89' lang='lat' dir='ltr'>motricem</span> 
     </span>
     <span class='ocr_line' id='line_1_24' title="bbox 433 2363 2217 2434; baseline 0 -14"><span class='ocrx_word' id='word_1_179' title='bbox 433 2365 644 2420; x_wconf 80' lang='lat' dir='ltr'>adiuuet</span> <span class='ocrx_word' id='word_1_180' title='bbox 688 2363 858 2433; x_wconf 89' lang='lat' dir='ltr'>potius</span> <span class='ocrx_word' id='word_1_181' title='bbox 900 2380 1055 2434; x_wconf 82' lang='lat' dir='ltr'>quam</span> <span class='ocrx_word' id='word_1_182' title='bbox 1102 2363 1394 2431; x_wconf 77' lang='lat' dir='ltr'>diminuat,</span> <span class='ocrx_word' id='word_1_183' title='bbox 1451 2363 1580 2416; x_wconf 89' lang='lat' dir='ltr'>dum</span> <span class='ocrx_word' id='word_1_184' title='bbox 1636 2363 1735 2416; x_wconf 88' lang='lat' dir='ltr'>sese</span> <span class='ocrx_word' id='word_1_185' title='bbox 1796 2365 1930 2434; x_wconf 69' lang='lat' dir='ltr'>quasi</span> <span class='ocrx_word' id='word_1_186' title='bbox 1985 2363 2217 2420; x_wconf 87' lang='lat' dir='ltr'>subducit</span> 
     </span>
     <span class='ocr_line' id='line_1_25' title="bbox 431 2446 2220 2524; baseline 0.002 -21"><span class='ocrx_word' id='word_1_187' title='bbox 431 2446 677 2524; x_wconf 87' lang='lat' dir='ltr'>preffioni</span> <span class='ocrx_word' id='word_1_188' title='bbox 716 2464 745 2501; x_wconf 85' lang='lat' dir='ltr'>a</span> <span class='ocrx_word' id='word_1_189' title='bbox 793 2458 944 2519; x_wconf 84' lang='lat' dir='ltr'>tergo</span> <span class='ocrx_word' id='word_1_190' title='bbox 987 2449 1254 2518; x_wconf 83' lang='lat' dir='ltr'>venienti,</span> <span class='ocrx_word' id='word_1_191' title='bbox 1299 2464 1404 2520; x_wconf 86' lang='lat' dir='ltr'>quo</span> <span class='ocrx_word' id='word_1_192' title='bbox 1449 2464 1579 2519; x_wconf 72' lang='lat' dir='ltr'>aqua</span> <span class='ocrx_word' id='word_1_193' title='bbox 1622 2451 1680 2502; x_wconf 88' lang='lat' dir='ltr'>in</span> <span class='ocrx_word' id='word_1_194' title='bbox 1723 2448 1839 2503; x_wconf 79' lang='lat' dir='ltr'>vase</span> <span class='ocrx_word' id='word_1_195' title='bbox 1882 2449 2091 2506; x_wconf 87' lang='lat' dir='ltr'>liberius</span> <span class='ocrx_word' id='word_1_196' title='bbox 2127 2452 2220 2506; x_wconf 89' lang='lat' dir='ltr'>de-</span> 
     </span>
     <span class='ocr_line' id='line_1_26' title="bbox 433 2534 891 2605; baseline -0.007 -16"><span class='ocrx_word' id='word_1_197' title='bbox 433 2534 676 2589; x_wconf 75' lang='lat' dir='ltr'>scendere</span> <span class='ocrx_word' id='word_1_198' title='bbox 719 2542 891 2605; x_wconf 86' lang='lat' dir='ltr'>queat.</span> 
     </span>
    </p>
   </div>
   <div class='ocr_carea' id='block_1_7' title="bbox 1115 2613 1532 2693">
    <p class='ocr_par' dir='ltr' id='par_1_8' title="bbox 1115 2613 1532 2693">
     <span class='ocr_line' id='line_1_27' title="bbox 1115 2613 1532 2693; baseline -0.002 0"><span class='ocrx_word' id='word_1_199' title='bbox 1115 2613 1532 2693; x_wconf 81' lang='lat' dir='ltr'>scholium.</span> 
     </span>
    </p>
   </div>
   <div class='ocr_carea' id='block_1_8' title="bbox 438 2731 2219 2965">
    <p class='ocr_par' dir='ltr' id='par_1_9' title="bbox 438 2731 2219 2965">
     <span class='ocr_line' id='line_1_28' title="bbox 591 2731 2219 2807; baseline 0.003 -20"><span class='ocrx_word' id='word_1_200' title='bbox 591 2732 868 2804; x_wconf 88' lang='lat' dir='ltr'>Hucusque</span> <span class='ocrx_word' id='word_1_201' title='bbox 907 2731 1343 2789; x_wconf 80' lang='lat' dir='ltr'>confiderauimus</span> <span class='ocrx_word' id='word_1_202' title='bbox 1397 2752 1490 2790; x_wconf 81' lang='lat' dir='ltr'>vas</span> <span class='ocrx_word' id='word_1_203' title='bbox 1539 2745 1593 2789; x_wconf 90' lang='lat' dir='ltr'>et</span> <span class='ocrx_word' id='word_1_204' title='bbox 1636 2736 1813 2791; x_wconf 90' lang='lat' dir='ltr'>tubum</span> <span class='ocrx_word' id='word_1_205' title='bbox 1870 2753 2029 2807; x_wconf 77' lang='lat' dir='ltr'>aquae</span> <span class='ocrx_word' id='word_1_206' title='bbox 2084 2754 2219 2793; x_wconf 91' lang='lat' dir='ltr'>con-</span> 
     </span>
     <span class='ocr_line' id='line_1_29' title="bbox 438 2818 2218 2895; baseline -0.001 -16"><span class='ocrx_word' id='word_1_207' title='bbox 438 2821 623 2879; x_wconf 83' lang='lat' dir='ltr'>stanter</span> <span class='ocrx_word' id='word_1_208' title='bbox 666 2818 917 2895; x_wconf 76' lang='lat' dir='ltr'>plenum,</span> <span class='ocrx_word' id='word_1_209' title='bbox 968 2831 1124 2892; x_wconf 75' lang='lat' dir='ltr'>atque</span> <span class='ocrx_word' id='word_1_210' title='bbox 1167 2819 1472 2878; x_wconf 84' lang='lat' dir='ltr'>effluentem</span> <span class='ocrx_word' id='word_1_211' title='bbox 1521 2832 1725 2895; x_wconf 56' lang='lat' dir='ltr'>aquam*</span> <span class='ocrx_word' id='word_1_212' title='bbox 1752 2823 1807 2878; x_wconf 88' lang='lat' dir='ltr'>in</span> <span class='ocrx_word' id='word_1_213' title='bbox 1849 2825 2083 2879; x_wconf 80' lang='lat' dir='ltr'>maxima</span> <span class='ocrx_word' id='word_1_214' title='bbox 2133 2822 2218 2877; x_wconf 86' lang='lat' dir='ltr'>sua</span> 
     </span>
     <span class='ocr_line' id='line_1_30' title="bbox 2060 2907 2217 2965; baseline -0.006 0"><span class='ocrx_word' id='word_1_215' title='bbox 2060 2907 2217 2965; x_wconf 77' lang='lat' dir='ltr'>velo-</span> 
     </span>
    </p>
   </div>
  </div>
 </body>
</html>
