2472 3554
210 137 320 196 DE
353 129 590 197 MVSC.
609 130 776 191 ΕΑΒ.
795 121 1023 188 FAVc.
1040 122 1246 184 ΗΝΘ.
1268 128 1709 206 ΙΛΗΤΝΟΨ,
1764 157 1795 194 2
1804 155 1833 210 5
1846 158 1877 213 ς

124 295 267 352 Haec
323 297 464 351 enim
519 292 758 367 glandula
812 284 1094 344 musculum
1155 288 1570 362 mylohyoidem
1627 308 1681 351 et
1734 298 1892 371 diga,-

123 383 370 450 stricum,
420 380 718 450 infimulque
763 371 1038 429 maxillam
1088 383 1141 425 et
1193 390 1251 427 os
1304 374 1524 445 hyoides
1578 383 1885 457 interiacet,

129 482 189 522 vt
243 469 306 522 ab
367 468 469 522 illis
522 467 732 519 durante
787 473 976 512 eorum
1034 456 1240 512 afflone
1297 473 1348 513 et
1402 464 1508 518 offe
1566 467 1766 536 hyoide
1819 472 1887 529 ad

122 555 398 609 maxillam
442 547 659 606 adduCto
701 543 886 597 blande
930 556 1196 615 prematur
1237 557 1289 598 et
1346 545 1499 605 saliua
1554 552 1609 606 in
1662 555 1879 612 du<stum

124 641 472 694 excretorium
517 630 911 686 determinetur.
1001 626 1210 684 Dud'tus
1266 644 1441 686 autem
1502 638 1606 708 ipse
1659 639 1785 695 dum
1845 658 1878 697 e

120 724 357 796 glandula
398 717 680 791 egreditur,
740 731 770 768 a
824 715 1013 769 vicinis
1068 714 1299 787 partibus
1355 716 1549 774 solutus
1602 740 1706 776 non
1766 726 1878 796 est,

119 813 198 866 vti
240 807 402 865 dchus
433 803 783 878 stenonianus,
853 800 936 855 sed
992 799 1264 873 glandulae
1318 801 1647 877 sublingualis
1702 808 1884 879 super-

117 895 256 951 ficiei
290 889 596 958 incumbit,
658 887 805 940 cuius
860 888 1205 942 membranae
1258 888 1548 960 intexitur,
1618 903 1671 945 et
1727 893 1876 949 simul

115 998 237 1037 cum
288 977 371 1030 illa
426 971 867 1044 compreffionem
927 973 1143 1027 musculi
1196 976 1575 1047 cerato-gloffi
1620 977 1871 1052 desuper,

114 1079 168 1121 et
212 1058 593 1132 mylohyoidis,
643 1059 731 1131 qui
775 1059 911 1112 inter
953 1074 1227 1131 Vtramque
1274 1059 1574 1130 glandulam
1614 1066 1872 1134 profunde

113 1150 162 1206 se
202 1149 435 1213 infinuat,
480 1143 680 1198 inferne
729 1158 986 1216 perpetuo
1022 1146 1304 1215 experitur.
1395 1147 1872 1221 Quemadmodum

112 1251 234 1291 vero
270 1230 507 1302 glandula
551 1228 885 1299 sublingualis
934 1246 1055 1284 cum
1102 1230 1369 1284 maxillari
1413 1233 1553 1286 arc'te
1599 1234 1867 1305 cohaeret,

108 1332 165 1375 vt
211 1317 294 1370 illa
339 1315 485 1389 saepe
529 1332 627 1387 pro
676 1315 836 1369 cauda
890 1313 1043 1369 huius
1099 1313 1281 1369 haberi
1338 1316 1527 1387 poffit:
1599 1319 1672 1372 ita
1729 1319 1867 1374 hunc

104 1402 299 1460 ductum
349 1404 702 1455 excretorium
750 1402 907 1454 etiam
955 1400 1009 1453 in
1057 1398 1279 1453 homine
1320 1411 1416 1474 pro
1454 1402 1596 1458 ἅιιὲῗιι
1632 1408 1866 1460 communi

100 1487 156 1545 a'd
198 1500 469 1560 Vtramque
516 1486 816 1559 glandulam
865 1488 1157 1558 pertinente
1205 1486 1504 1542 habendum
1565 1487 1682 1543 esse·
1723 1490 1865 1545 mihi

97 1575 308 1640 videtur.
396 1574 656 1649 Quamuis
699 1575 842 1626 enim
888 1565 1046 1644 oscula
1092 1571 1178 1625 illa
1215 1576 1537 1644 excretoria,
1586 1593 1715 1647 quae
1742 1576 1856 1633 Cel.

87 1659 340 1734 Hesserus
369 1664 385 1717 (
408 1674 474 1725 5)
521 1659 584 1713 ad
629 1658 790 1712 latera
835 1660 1044 1728 linguae
1087 1662 1232 1711 iuxta
1281 1661 1547 1714 monitum
1613 1662 1861 1717 oculatis-

85 1744 197 1799 fimi
241 1746 522 1817 Morgagni
554 1748 665 1813 (6)
707 1745 1000 1798 introducta
1049 1744 1371 1814 delineauit,
1416 1746 1570 1818 plane
1616 1764 1724 1802 non
1762 1764 1862 1801 ne-

84 1832 340 1904 gauerim:
385 1832 591 1903 semper
635 1845 814 1884 tamen
859 1831 927 1884 ita
977 1829 1115 1884 mihi
1159 1848 1475 1902 apparuere,
1538 1848 1598 1885 ac
1655 1833 1688 1886 fi
1747 1850 1855 1889 non

84 1931 114 1968 e
157 1906 393 1986 glandula
435 1918 522 1971 illa
567 1914 871 1986 sublinguali
919 1916 1229 1988 prolongata
1256 1956 1271 1983 ,
1330 1916 1412 1969 sed
1464 1918 1529 1971 ab
1572 1917 1691 1972 aliis
1733 1919 1856 1990 qui-

84 2001 292 2057 busdam
350 2003 606 2075 glandulis
647 2000 931 2075 solitariis,
988 2001 1162 2073 quales
1219 2001 1433 2056 labiales
1487 2000 1589 2057 effe
1648 2002 1852 2075 solent,

83 2099 136 2140 et
169 2106 290 2158 quae
322 2091 466 2144 iuxta
507 2089 883 2159 latus-linguae
910 2087 1301 2158 turgescentiam
1331 2090 1587 2158 quandam
1610 2130 1624 2155 ,
1671 2106 1851 2145 mem-

85 2170 232 2226 brana
277 2177 327 2228 in
376 2176 635 2230 nonnullis
679 2175 897 2228 obiestis
938 2174 1162 2231 caudata
1217 2173 1520 2244 obteram,
1578 2173 1846 2246 efficiunt,

83 2260 424 2326 prouenirent.
523 2262 704 2337 Quam
753 2263 1017 2333 opinionem
1061 2260 1272 2312 vlterius
1316 2261 1722 2314 examinandam
1762 2278 1851 2314 re-

81 2340 294 2411 linquO,
336 2347 481 2405 facile
524 2348 672 2402 illam
718 2347 1035 2415 deserturam,
1086 2345 1175 2398 vbi
1219 2346 1454 2416 primum
1496 2347 1718 2400 certiora
1763 2347 1850 2402 vel

79 2429 305 2499 propriis
349 2431 434 2486 vel
475 2434 657 2491 alienis
699 2431 1145 2505 disquisitionibus
1187 2431 1409 2486 edoe'tus
1456 2431 1623 2488 fuero·

234 2596 387 2652 VIII.
450 2600 703 2660 Musculus
747 2601 1074 2682 stylohyoides
1122 2599 1261 2658 alter
1309 2603 1619 2676 frequentius
1665 2600 1838 2673 adest,

81 2700 237 2757 quam
284 2684 445 2756 vulgo
489 2700 719 2763 putatur,
767 2692 904 2746 vnde
948 2707 1055 2744 non
1101 2688 1272 2744 solum
1317 2689 1445 2745 fides
1488 2687 1722 2826 habendca
1752 2688 1836 2757 (7)

814 2776 877 2832 Ii
928 2797 959 2848 3
1720 2788 1830 2828 Ow-

1065 2873 1211 2881 st.-

260 2893 340 2948 (5)
361 2866 502 2943 dmp.
532 2895 604 2935 An.
637 2897 730 2939 rab.
759 2874 854 2941 viis
877 2901 941 2954 fig,
966 2916 1029 2959 33·
1112 2898 1184 2954 (⁶)
1210 2897 1311 2941 Adu.
1348 2896 1459 2941 Anat.
1492 2895 1562 2939 VJ.
1605 2894 1684 2937 Au.
1717 2893 1765 2939 C.

363 2953 421 3002 (7)
453 2949 546 3004 Cap·
566 2952 680 2996 X111.
705 2956 744 3008 ς.
767 2957 910 3003 Χινι.
