2472 3554
513 176 634 229 224
1034 151 1142 210 DE
1183 150 1432 212 VARHS
1474 145 1732 213 MODIS

505 330 591 372 tot
628 316 859 371 radicum
887 312 1240 369 extructiones
1275 311 1506 384 requirit.
1601 312 1727 388 Quo
1755 322 1928 368 autem
1955 309 2055 367 hac
2091 309 2295 369 ratione

510 406 733 457 calculus
777 409 1067 455 commode
1110 400 1174 454 ad
1213 397 1376 453 finem
1425 398 1636 470 perduci
1672 411 1861 470 queat,
1911 397 2062 453 series
2095 398 2293 453 adhoc

506 489 793 542 institutum
841 488 1060 540 idoneae
1102 485 1210 539 sunt
1252 482 1572 555 seligendae‚
1615 499 1739 556 quas
1773 485 1878 540 duo
1911 482 2173 556 sequentia
2209 499 2297 538 re-

506 575 720 645 quiiiti,
771 574 844 628 vti
892 573 1000 627 iam
1045 571 1224 640 innui,
1273 570 1461 625 habere
1505 583 1736 642 oportet.
1827 570 2011 624 Primo
2069 568 2296 641 scilicet,

505 659 659 713 series
709 661 863 714 debet
913 653 1013 712 effe
1062 657 1412 713 vehementer
1461 671 1817 728 conuergenS,
1862 657 1943 710 seu
1997 653 2297 725 elusmodi,

508 761 569 799 vr
631 747 797 817 quiuis
851 744 1105 799 terminus
1171 742 1344 797 multo
1414 740 1472 795 sit
1527 744 1704 796 minor
1764 740 2134 814 praecedente,
2192 754 2298 811 quo

504 847 615 885 nm
662 831 947 885 admodum
993 828 1173 883 multis
1214 826 1453 881 terminis
1493 827 1810 898 accipiendis
1853 827 1988 881 ratio
2026 841 2184 881 verae
2221 825 2301 880 sa-

508 917 575 969 tis
621 918 910 988 propinqua
954 915 1272 968 obtineatur.
1359 910 1483 985 Quo
1528 914 1797 983 pauciores
1839 913 1982 966 enim
2029 911 2300 966 terminia

509 1018 644 1054 vero
690 1001 874 1054 valore
925 999 1151 1052 minime
1210 991 1488 1064 differunt,
1551 1013 1618 1049 eo
1676 998 1850 1069 aptior
1903 998 2001 1050 erit
2049 995 2301 1053 censenda

509 1082 663 1139 series
704 1086 768 1137 ad
815 1098 995 1138 veram
1043 1082 1289 1137 diametri
1332 1080 1395 1135 ad
1452 1080 1812 1154 periplieriam
1866 1082 2129 1138 rationem
2183 1083 2305 1156 dig-

511 1168 847 1225 noscendam.

667 1300 710 1365 §.
758 1316 813 1367 4.
862 1295 1108 1354 Alterum
1165 1295 1467 1367 requisitum
1526 1294 1749 1367 postulat
1802 1307 1863 1351 vt
1919 1295 2099 1368 finguli
2155 1293 2307 1353 seriei

509 1384 726 1438 termini
752 1400 858 1437 non
885 1381 978 1436 sint
1001 1380 1291 1435 admodum
1319 1382 1640 1455 compositi,
1687 1381 1770 1436 seu
1813 1381 2132 1454 simplicibus
2173 1400 2307 1437 con-

514 1468 646 1524 stent
689 1469 935 1522 numeris,
1022 1466 1149 1541 Quo
1194 1467 1361 1537 magis
1405 1467 1550 1523 enim
1601 1466 1782 1539 singuli
1842 1467 2058 1522 termini
2114 1466 2309 1524 fuerint

514 1555 857 1626 complicati,
906 1567 973 1605 eo
1014 1550 1218 1605 maiore
1259 1549 1442 1605 labore
1485 1553 1654 1623 quiuis
1700 1568 1754 1606 1n
1800 1551 2114 1608 fractionem
2160 1554 2312 1608 deci·

516 1639 715 1696 malem
761 1649 1126 1705 conuertetur,
1172 1647 1228 1688 et
1268 1631 1475 1689 fort-affe
1518 1636 1634 1708 plus
1670 1653 1863 1709 operae
1905 1639 2194 1710 requiretur
2241 1639 2308 1696 ad

515 1727 701 1780 decem
732 1725 988 1777 terminos
1031 1720 1385 1791 colligendos,
1425 1736 1581 1792 quam
1625 1721 1775 1775 mille
1800 1723 2055 1777 terminos
2076 1725 2206 1778 alius
2229 1722 2309 1778 se-

513 1810 615 1866 riei
652 1807 1012 1880 fimplicioriS,
1057 1818 1208 1860 tanto
1249 1805 1421 1859 minus
1458 1817 1634 1860 autem
1662 1805 2048 1875 conuergentiS.
2132 1806 2312 1862 Dein-
2388 1835 2400 1867 4

512 1896 579 1950 de
627 1911 757 1949 vero
803 1893 868 1948 ad
911 1892 1170 1947 calculum
1214 1890 1508 1946 faciliorem
1555 1890 1877 1963 reddendum
1937 1892 2146 1962 quisque
2200 1901 2315 1943 ter-

513 1981 691 2037 minus
734 1979 805 2034 ita
851 1979 1009 2034 debet
1053 1974 1156 2031 effe
1203 1991 1571 2049 comparatus,
1615 1988 1673 2030 vt
1717 1974 2055 2048 praecedente
2098 1975 2206 2031 iam
2252 1975 2311 2030 in

512 2066 827 2122 fractionem
868 2062 1185 2120 decimalem
1232 2063 1485 2132 euoluto,
1531 2061 1744 2134 sequens
1786 2075 1855 2115 ex
1898 2076 1967 2114 eo
2021 2059 2170 2116 facile
2227 2061 2315 2115 in·-

515 2153 682 2208 ueniri
727 2163 917 2223 queat,
963 2164 1094 2221 quae
1144 2148 1440 2220 proprietas
1482 2147 1802 2220 potissimum
1863 2147 1918 2200 in
1971 2143 2125 2201 series
2176 2162 2313 2218 geo-

516 2238 760 2295 metricas
800 2237 966 2308 iisque
1009 2232 1191 2288 affines
1236 2233 1407 2302 cadit,
1451 2232 1506 2286 in
1552 2234 1734 2305 quibus
1786 2231 2007 2303 quilibet
2056 2233 2314 2286 terminus
2368 2235 2372 2238 ’

521 2338 593 2377 ex
636 2322 974 2395 praecedente
1001 2336 1093 2392 per
1123 2317 1298 2372 solam
1329 2318 1646 2374 diuisionem
1687 2316 1975 2371 obtinetur.
2061 2315 2316 2372 Hancob..

519 2424 637 2466 rem
684 2422 753 2460 ex
798 2405 1053 2474 seriebuS,
1100 2404 1284 2476 quibus
1326 2419 1474 2459 arcus
1521 2402 1797 2458 circulares
1840 2402 2072 2474 exprimi
2110 2402 2312 2474 solent,

518 2510 611 2549 eae
662 2492 932 2565 praecipue
975 2491 1037 2544 ad
1085 2488 1219 2544 hunc
1267 2487 1414 2543 vsum
1462 2500 1613 2543 erunt
1662 2489 2137 2558 accommodatae,
2184 2504 2315 2561 quae

517 2596 588 2634 ex
627 2593 866 2648 tingente
900 2577 1012 2630 data
1052 2590 1231 2629 arcum
1259 2572 1662 2645 respondentem
1703 2571 1990 2647 definiunt3
2027 2572 2127 2629 hae
2164 2576 2313 2629 enim

520 2682 549 2720 a
594 2660 814 2718 seriebus
858 2660 1197 2733 geometricis
1236 2658 1343 2713 hoc
1388 2671 1592 2714 tantum
1641 2657 1914 2729 differunt,
1961 2661 2100 2730 quod
2141 2659 2314 2732 fingu-

519 2751 556 2806 li
604 2749 821 2802 termini
863 2764 955 2820 per
999 2762 1248 2800 numeros
1301 2744 1530 2816 impares
1577 2743 1780 2821 insuper
1815 2745 1914 2806 fint
1946 2744 2126 2819 diuisi,
2172 2746 2315 2801 vnde

519 2837 579 2894 in
626 2834 830 2893 calculo
871 2851 1057 2911 parum
1102 2829 1322 2890 nascitur
1365 2829 1658 2913 molestiae.⁴

2175 2917 2224 2988 ξ.
2255 2929 2314 2988 5,
