2472 3554
503 250 579 308 32
973 228 1086 292 DE
1127 234 1365 295 MOTV
1410 231 1719 323 AQVARV
1720 233 1796 293 M

504 397 568 452 ad
612 395 745 450 hanc
797 393 1030 467 spectant
1083 395 1398 466 materiam,
1473 411 1636 452 omne
1682 392 1827 450 suum
1881 392 2285 454 fundamentum

501 481 698 537 habent
747 482 801 535 in
846 483 953 536 iam
999 482 1195 536 traditis
1237 495 1292 535 et
1333 483 1640 555 explicam,
1704 480 1830 535 licet
1888 481 1941 536 id
1995 498 2104 536 non
2149 482 2292 536 indi,

503 569 734 621 cauerim
788 565 1033 639 expreffis
1089 568 1294 637 verbi53
1367 585 1456 622 ex.
1508 586 1587 640 gr.
1651 566 2006 639 supposuimus
2072 566 2290 637 quidem

502 669 691 725 aquam
735 654 967 709 aliumue
1011 653 1270 725 liquorem
1311 653 1364 705 in
1406 654 1583 726 primo
1607 653 1857 707 duntaxat
1883 653 2009 707 tubo
2036 665 2292 723 tanquam

504 738 560 792 in
609 738 718 795 vase
761 740 1053 812 grauitate,
1100 739 1319 810 indeque
1364 741 1541 810 vrgeti
1589 755 1682 810 per
1724 739 1957 793 canalem
2003 739 2155 812 situm
2184 735 2294 792 ho-

503 825 815 880 rizontalem
865 825 1179 890 habentem,
1226 839 1320 895 per
1361 842 1512 896 quem
1565 827 1690 878 dum
1718 837 1962 879 mouetur
1989 841 2154 896 aqua,
2196 823 2297 877 de-

504 909 728 965 stituitur
771 910 908 981 quast
942 909 1030 976 ,sua
1077 911 1284 980 propria
1329 910 1605 977 grauitate.
1696 907 1918 963 Interim
1979 909 2012 964 fi
2068 915 2124 962 in
2182 905 2297 980 ipso

507 996 707 1063 canali,
757 995 838 1048 seu
883 996 937 1046 in
985 994 1119 1045 tubis
1162 994 1248 1061 qui
1295 992 1445 1045 illum
1491 1007 1851 1063 componunt,
1894 995 2114 1048 retineat
2157 1009 2301 1066 quo-

509 1095 607 1148 que
650 1078 961 1148 grauitatem
1007 1075 1148 1129 suam
1191 1074 1292 1128 fine
1338 1089 1507 1129 totam
1552 1077 1652 1130 siue
1697 1079 1874 1134 saltem
1935 1092 2177 1151 partem,
2232 1076 2300 1134 sic

507 1163 583 1216 vti
610 1162 870 1216 accideret
920 1161 954 1216 si
998 1161 1105 1214 tubi
1150 1176 1256 1213 non
1303 1156 1462 1214 effent
1507 1159 1882 1233 horizontales,
1927 1164 2012 1219 sed
2066 1165 2150 1219 vel
2180 1180 2304 1219 ver-

510 1249 690 1301 ticales
736 1247 824 1301 vel
868 1246 1229 1301 diuerfimode·
1262 1246 1497 1300 inclinati
1539 1247 1601 1299 ad
1648 1244 2023 1318 horizontem,
2078 1251 2132 1304 id
2181 1248 2303 1303 nul-

511 1332 619 1387 lam
671 1332 872 1405 prorsus
914 1331 1072 1385 habet
1114 1330 1510 1402 difficultatem,
1562 1330 1729 1403 potest
1774 1334 1918 1387 enim
1964 1351 2123 1406 aquae
2173 1350 2306 1406 pro-

511 1419 626 1491 pria
671 1419 895 1489 grauitas
940 1433 1010 1470 ex
1055 1417 1292 1487 quolibet
1335 1417 1461 1471 tubo
1519 1419 1644 1488 (per
1684 1418 1723 1483 (5.
1777 1425 1870 1487 2.)
1927 1419 2189 1473 transfert-i
2245 1420 2303 1475 in

515 1521 607 1558 vas
655 1504 739 1558 vel
783 1506 836 1556 in
881 1502 1061 1556 tubum
1110 1503 1380 1572 primum,
1425 1503 1562 1556 adeo
1609 1515 1665 1555 vt
1706 1520 1835 1574 aqua
1881 1503 1934 1557 in
1977 1504 2193 1576 reliquis
2216 1517 2307 1559 tu·-

516 1589 595 1644 bis
667 1589 974 1643 considerati
1035 1586 1186 1658 poffit
1242 1600 1488 1659 tanquam
1554 1588 1790 1642 destituta
1850 1591 2153 1660 grauitate,
2224 1589 2307 1644 led

515 1674 788 1729 translatae
831 1674 1202 1744 grauitationes
1243 1690 1345 1726 vna
1391 1690 1509 1728 cum
1573 1675 1807 1745 pondere
1862 1692 2023 1747 aquae
2078 1676 2133 1728 in
2185 1672 2308 1730 vase

516 1760 606 1814 'vel
651 1760 777 1813 tubo
825 1760 1004 1830 primo
1051 1758 1268 1813 iunc'tim
1315 1757 1508 1813 sumtae
1564 1758 1780 1830 spe-&tari
1839 1773 2028 1832 queant
2073 1776 2172 1832 pro
2214 1775 2306 1829 e0,

471 1878 478 1881 -
516 1844 654 1917 quod
703 1845 1010 1898 vocauimus
1047 1854 1086 1918 p
1129 1843 1209 1898 seu
1254 1846 1365 1899 vim
1411 1848 1696 1901 motricem
1752 1844 2234 1911 fundamentalem,
2277 1859 2309 1897 a

518 1948 617 2003 qua
664 1929 835 1984 fluxus
877 1935 1039 1983 totius
1101 1930 1290 1986 maffite
1350 1949 1542 2003 aqueae
1598 1946 1891 2004 generatur.
1980 1930 2058 1984 Vt
2114 1926 2313 1984 scilicet

280 2033 418 2087 Figura,
455 2044 497 2085 4·
522 2016 557 2071 fi
625 2014 816 2069 canalis
872 2015 920 2070 E
948 2010 999 2069 G
1030 2014 1076 2070 B
1106 2015 1152 2069 L
1195 2015 1453 2072 constaret
1521 2018 1685 2073 tribus
1739 2018 1876 2072 tubis
1918 2015 2145 2072 diuersae
2192 2029 2314 2067 am-

524 2101 790 2175 plitudinis
838 2099 995 2171 AD,
1023 2097 1174 2170 GC,
1207 2100 1348 2173 BL,
1395 2120 1618 2176 quorum
1665 2105 1867 2175 primus
1923 2100 2047 2158 AD
2092 2098 2312 2152 haberet

526 2187 926 2258 amplitudinem
973 2188 1088 2244 ΑΕ
1134 2188 1222 2242 vel
1267 2184 1426 2259 GD,
1471 2190 1603 2244 alter
1628 2186 1742 2244 GC
1766 2186 2173 2259 amplitudinem
2201 2177 2308 2238 GF

530 2271 618 2325 vel
663 2269 806 2339 ΒΚ,
853 2273 1034 2326 tertius
1077 2270 1183 2325 BL
1227 2276 1632 2346 amplitudinem
1682 2272 1785 2328 ΒΚ
1837 2271 1922 2325 vel
1967 2269 2126 2341 ML,
2196 2268 2314 2346 Psi*

527 2373 644 2412 mus
691 2373 823 2409 vero
866 2356 1021 2409 debet
1063 2353 1165 2409 esse
1209 2359 1496 2427 verticalis,
1541 2359 1779 2412 secundus
1821 2357 2012 2410 faceret
2058 2372 2178 2409 cum
2207 2351 2316 2408 ho-

529 2434 737 2497 rizonte
781 2439 1028 2512 angulum
1078 2436 1300 2510 GBN,
1349 2444 1534 2496 tertius
1589 2442 1836 2513 angulum
1895 2440 2116 2497 BMO:
2192 2438 2312 2495 Sint

531 2527 904 2599 amplitudines
947 2524 1553 2595 AE:h‚GF:-;m,
1581 2526 1857 2600 BK-:n3
1916 2529 1997 2581 vis
2043 2526 2312 2598 grauitatiS

530 2610 616 2667 seu
642 2611 996 2667 ‘acceleratrix
1046 2613 1289 2668 naturalis
1331 2631 1483 2686 :33⁶3
1547 2610 1666 2668 Erit
1709 2614 1788 2667 vis
1834 2615 2035 2669 motrix
2079 2615 2130 2666 in
2180 2611 2314 2664 tubo

532 2720 655 2777 AD
700 2738 829 2794 aqua
874 2720 1034 2794 pleno
1091 2721 1362 2794 :gth
1381 2719 1451 2777 G.
1502 2722 1642 2777 Item
1671 2723 1743 2777 ob
1769 2718 1818 2776 G
1838 2721 1900 2776 B.
1931 2703 2310 2792 GN::g-³‡}}³3

532 2839 605 2876 :z
633 2822 688 2876 vi
732 2820 1085 2878 acceleratrici
1127 2838 1289 2896 aquae
1332 2822 1548 2896 liquoris
1573 2822 1626 2876 in
1655 2822 1783 2877 tubo
1809 2817 1919 2877 GC
1938 2840 1954 2896 3
2001 2821 2140 2877 Item
2168 2817 2312 2873 ΒΜ.

2136 2916 2305 2975 1302:
