2472 3554
654 175 1087 236 ECLIPSIS
1133 173 1553 235 LVNARIS
1895 200 2012 253 43¹

262 337 458 410 aliqua,
510 335 720 391 secunda
777 335 863 389 vel
909 330 1244 387 semisecunda
1283 336 1532 407 temporis
1576 335 1858 407 referente,
1883 351 2032 410 capta

259 422 318 476 sit
351 421 445 491 yS
495 422 711 493 aequalis
758 418 1068 473 semimorae
1117 415 1349 472 transitus
1395 420 1511 474 disci
1552 420 1737 476 lunaris
1788 439 1881 495 per
1930 422 2038 477 ho·-

261 509 490 575 rarium‚
556 520 608 559 et
666 503 952 561 constructo
1011 501 1199 555 exinde
1255 503 1500 572 quadrato
1541 505 1760 576 ySDP
1788 548 1804 577 ,
1853 520 2035 564 centro

262 589 319 644 D
368 593 514 646 radio
562 589 670 645 DP
715 588 982 660 descriptus
1036 587 1093 640 sit
1140 586 1357 640 circulus
1404 587 1488 643 PS
1508 586 1582 657 C,
1631 594 1714 662 qui
1775 594 2038 664 magnitu-

261 676 378 729 dine
439 677 658 746 exponit
714 674 899 728 discum
959 672 1109 725 lunae
1166 688 1260 744 per
1318 685 1485 743 paites
1543 678 1791 747 temporis
1852 694 2038 732 morae

261 761 490 815 transitus
539 763 641 814 eius
691 774 780 831 per
828 755 1116 826 horarium,
1165 751 1420 828 positione
1467 773 1605 813 vero.
1649 761 1825 813 lunam
1864 762 2039 816 limbo

259 844 348 898 suo
400 859 699 918 apparenter
765 841 1009 914 superiori
1056 840 1091 896 S
1144 843 1205 897 ad
1256 841 1402 896 filum
1482 842 1806 899 horizontale
1871 845 1976 902 HS
2018 887 2039 915 ‚

261 929 436 984 limbo
504 927 827 1001 praecedenti
893 927 932 981 P
987 927 1049 980 ad
1130 924 1278 982 filum
1362 929 1610 985 verticale
1691 931 1742 984 V
1770 929 1808 984 P
1887 931 2038 986 simul

262 1016 629 1086 appellentem.
718 1012 839 1084 Ope
925 1013 1149 1067 eiusdem
1239 1013 1394 1067 scalae
1483 1030 1552 1067 ex
1632 1012 1690 1068 D
1763 1017 2038 1071 interuallo

260 1097 360 1154 Dl
412 1099 603 1171 aequali
662 1097 973 1152 semimorae
1034 1098 1258 1155 transitus
1318 1099 1436 1152 disci
1489 1100 1680 1154 lunaris
1742 1118 1834 1173 per
1889 1101 2040 1156 filum

230 1173 500 1237 'verticale
548 1181 866 1238 intersecetur
924 1184 1179 1237 verticalis
1226 1183 1360 1237 linea
1422 1184 1526 1239 VP
1574 1186 1627 1239 in
1676 1184 1725 1254 1,
1775 1185 2044 1260 iunetaque

258 1266 358 1323 DI
408 1269 748 1339 producatur,
797 1271 965 1322 donec
1016 1268 1145 1322 secet
1191 1267 1577 1323 horizontalem
1625 1269 1821 1326 lineam
1871 1271 2044 1329 Hsin

259 1353 328 1410 K.
392 1353 535 1409 Dico
583 1352 738 1408 DIK
795 1352 899 1407 effe
925 1353 1164 1407 diurnum
1211 1352 1389 1418 lunae,
1430 1371 1581 1427 quem
1634 1367 1866 1411 centrum
1895 1358 2046 1413 lunae

259 1439 316 1493 in
335 1489 341 1495 ⁴.
369 1439 497 1493 tubo
553 1439 913 1494 astronomico
974 1438 1162 1507 (cuius
1216 1439 1673 1509 repraesentationi
1719 1441 1885 1513 figura
1943 1460 2046 1516 pro

258 1525 511 1596 praesenti
557 1525 807 1595 negotiO,
850 1523 964 1578 iuna
1012 1524 1077 1578 ad
1118 1522 1356 1577 occasum
1396 1540 1673 1595 vergente,
1720 1531 2046 1584 accomoda-

259 1623 310 1663 ta
365 1610 478 1678 est)
540 1624 852 1681 apparenter
905 1608 1226 1663 ascendendo
1280 1611 1576 1684 percurrit3
1644 1612 1844 1667 lineam
1911 1629 2046 1668 vero

260 1692 376 1750 Di<
424 1695 778 1765 magnitudine
846 1693 928 1748 sua
986 1694 1325 1748 semimorain
1385 1695 1615 1750 transitus
1673 1698 1794 1751 disci
1851 1697 2046 1753 lunaris

260 1797 354 1853 per
409 1780 556 1833 filum
626 1778 959 1833 horizontale
1016 1780 1284 1835 exhibere.
1369 1777 1621 1836 Centrum
1685 1784 1829 1837 enim
1888 1783 2045 1839 lunae

263 1867 333 1920 est
374 1865 429 1917 in
474 1863 532 1919 D
573 1879 731 1934 tunc,
779 1867 986 1937 quando
1032 1867 1220 1920 limbus
1263 1868 1371 1920 eius
1415 1869 1729 1938 praecedens
1774 1870 1942 1939 tangit
1978 1868 2048 1922 li-

267 1967 414 2004 neam
463 1951 767 2004 verticalern
827 1952 880 2004 in
927 1951 997 2019 P,
1058 1964 1111 2004 et
1171 1953 1341 2006 radius
1398 1952 1523 2006 disci
1581 1953 1771 2007 lunaris
1825 1954 2051 2025 aequalis

271 2032 423 2088 factus
473 2036 543 2090 est
590 2034 903 2090 semimorae
952 2037 1184 2090 transitus
1227 2036 1378 2091 lunae
1434 2055 1526 2109 per
1581 2037 1872 2094 horarium.
1953 2037 2051 2092 In·-

272 2130 407 2171 terea
453 2122 642 2191 igitur,
690 2122 811 2178 dum
858 2123 1137 2195 dimidium
1183 2121 1301 2175 disci
1347 2124 1544 2177 lunaris
1600 2125 1834 2178 traiicere
1891 2123 2050 2179 debet

274 2201 458 2257 lineam
505 2207 808 2260 verticalem
857 2207 960 2261 VP
1005 2223 1055 2259 et
1100 2222 1339 2262 centrum
1385 2210 1533 2262 lunae
1577 2224 1647 2262 ex
1690 2208 1748 2264 D
1809 2209 1864 2263 in
1918 2225 2047 2264 ean..

275 2288 391 2341 dem
435 2288 621 2352 lineam
668 2294 959 2356 transferri,
1014 2306 1182 2362 patet,
1230 2300 1469 2347 centrum
1513 2294 1668 2348 lunae
1711 2294 1907 2348 lineam
1950 2296 2051 2349 de-

274 2370 490 2426 scribere
532 2376 750 2444 debere,
795 2394 923 2448 quae
969 2377 1026 2431 sit
1074 2378 1135 2431 ad
1186 2379 1391 2432 radium
1437 2380 1555 2432 disci
1601 2379 1830 2448 lunam,
1875 2393 1932 2432 vt
1970 2381 2052 2433 se-

276 2457 502 2511 miniora
550 2462 778 2516 transitus
827 2463 977 2517 lunae
1019 2480 1113 2534 per
1158 2463 1308 2517 filum
1365 2464 1610 2518 verticale
1669 2466 1733 2518 ad
1789 2464 2050 2518 semimo-

277 2559 389 2595 ram
438 2541 661 2596 transitus
693 2547 799 2600 eius
843 2559 935 2620 pei·
978 2549 1247 2603 horarium
1290 2566 1307 2620 ·,
1376 2549 1535 2622 spatia
1593 2550 1736 2603 enim
1777 2589 1792 2613 ‚
1863 2547 2053 2604 habito

275 2626 424 2680 lunae
471 2639 613 2680 motu
659 2632 930 2698 vniformi‚
962 2648 1191 2707 “propter
1233 2635 1552 2690 constantem
1597 2635 1704 2686 eius
1727 2633 2051 2689 celeritatem

276 2709 390 2765 sunt
435 2723 493 2763 vt
538 2724 809 2781 tempora,
851 2719 1032 2789 quibus
1080 2719 1460 2790 describuntur3
1506 2719 1645 2773 vnde
1691 2734 1811 2772 cum
1859 2716 1956 2774 DI
1983 2720 2054 2775 ad

277 2793 389 2852 DP
435 2793 492 2849 vi
533 2797 917 2859 coiistruc‘tionis
957 2806 1153 2862 dietam
1204 2804 1464 2861 rationem
1511 2803 1734 2875 habeat,
1777 2804 1899 2860 luna
1954 2821 2055 2859 au-

1081 2886 1285 2958 Hhhss
1925 2900 2043 2946 tem
