2472 3554
535 157 667 218 402
1007 128 1420 195 GEOGRAPH
1421 127 1456 197 1
1460 129 1511 192 A
1555 128 1660 192 RV
1661 127 1778 194 SSI
1781 126 1886 190 ΑΕ

536 299 684 373 ginta
731 294 844 352 dies
883 294 1212 368 ‘nauigauerit
1258 311 1288 350 a
1335 292 1586 350 Danubio
1633 291 1697 347 ad
1740 288 1908 344 fontes
1958 284 2154 343 Tanais
2205 285 2306 342 Pe,

538 381 751 439 tronas?
801 385 876 438 At
927 396 1042 437 tum
1091 379 1433 452 Theophanis
1470 378 1852 440 continuator,
1904 387 2018 428 tum
2048 371 2312 428 Constan-

540 470 680 524 tinus
731 469 987 538 scribunt,
1035 484 1064 522 a
1111 464 1362 522 Danubio
1407 465 1696 539 profestum
1726 459 1926 533 petiisse
1956 457 2309 528 Chersonem‚

538 554 689 610 isthic
736 571 818 611 res
865 552 1214 625 composuiffe
1260 564 1313 605 et
1360 548 1621 624 suscepiffe
1659 562 1871 621 operas,
1922 546 2042 600 inde
2078 548 2315 599 circum-

538 640 754 696 uectum
808 637 910 695 effe
953 635 1394 702 Cherrhonesum.
1483 638 1643 692 Mora
1684 635 1772 688 illa
1816 632 2008 704 aliquid
2055 628 2314 701 temporis

539 725 823 793 requisiuit.
889 724 1099 779 Tamen
1144 722 1229 776 vel
1273 722 1337 776 fic
1379 721 1596 792 longum
1623 721 1722 773 iter
1746 719 1838 772 fuit
1869 760 1884 788 ,
1926 717 2230 786 videturque
2256 718 2312 767 in

540 813 729 883 primis
780 811 974 864 Tamis
1017 806 1283 861 retardasse
1311 845 1327 872 ,
1378 806 1675 877 praesertim
1726 820 1846 858 cum
1897 805 1961 856 ad
2010 804 2182 856 fontes
2229 816 2315 854 vs-

541 913 642 967 que
688 896 1036 966 nauigandum
1088 889 1229 944 effet.
1317 887 1404 944 Sic
1451 891 1732 945 constituto
1779 889 1870 943 situ
1921 887 2067 942 castri
2109 881 2315 955 Sarkel,

543 979 674 1034 fines
733 977 1041 1032 Chatzariae
1095 976 1228 1029 intra
1287 972 1595 1027 Donetzum
1626 1015 1643 1042 ,
1703 973 1931 1027 Tanaim
1962 1013 1977 1042 ‚
2029 969 2312 1027 Cherrho·

539 1063 649 1120 nesi
698 1064 899 1131 littora,
952 1072 1004 1114 et
1029 1059 1305 1115 cataractas
1353 1055 1694 1128 Borysthenis
1734 1057 2050 1113 inclusimus

700 1231 1016 1289 Pazinacitas
1065 1230 1209 1303 supra
1274 1226 1541 1284 Chazaros
1589 1245 1619 1282 a
1681 1226 1853 1282 Tanai
1912 1229 1978 1284 ad
2038 1225 2322 1296 Borysthe—

539 1336 723 1388 nem,
785 1319 904 1372 inde
971 1332 1100 1370 vero
1167 1314 1230 1368 ad
1276 1313 1586 1368 Dinnbium
1649 1311 1857 1367 coluisse
1918 1313 2311 1368 demonstrabo,

544 1406 727 1476 Regio
780 1402 882 1475 ipssi
932 1397 1274 1454 Constantino
1325 1391 1643 1471 ΠαἾζινακία
1673 1439 1688 1467 ,
1739 1397 1961 1471 populus
2005 1411 2058 1453 et
2121 1398 2209 1470 ipsi
2264 1410 2319 1455 et

545 1488 781 1562 Leontio
840 1485 1101 1555 Byzantio
1153 1477 1536 1559 ΠαἹζινακίτοᾳ
1568 1525 1582 1550 ‚
1646 1484 1829 1537 ceteris
1887 1483 1995 1537 fere
2027 1525 2042 1552 ‚
2095 1498 2155 1538 vt
2206 1479 2318 1538 Ce-

545 1576 714 1628 dreno
743 1615 758 1641 ‚
807 1570 1065 1640 Symeoni
1114 1568 1439 1638 LagOthetae
1469 1610 1485 1639 ,
1538 1568 1710 1622 Leoni
1761 1565 2130 1623 Grammatico
2190 1570 2318 1623 Πα-

534 1653 792 1734 Ἷζινᾶκοᾳ.
887 1654 1243 1726 Luithprando
1316 1652 1581 1708 Ticinenfi
1641 1652 1726 1717 (8)
1800 1653 2066 1708 Plzenaci:
2121 1654 2315 1708 iisdem

541 1746 687 1798 enim
739 1740 1056 1811 temporibus
1084 1780 1099 1807 ‚
1152 1736 1328 1810 paullo
1378 1751 1555 1791 tamen
1590 1749 1709 1790 ante
1751 1735 2150 1791 Constantinum
2189 1737 2320 1792 scri-

546 1828 674 1902 psit:
750 1822 1183 1896 Constantinopolis
1219 1821 1374 1878 habet
1410 1822 1477 1878 ab
1529 1820 1750 1893 aquilone
1798 1822 2076 1890 Hungaros
2105 1861 2120 1886 ‚
2163 1822 2320 1876 Pize-

549 1930 700 1969 nacos
741 1953 756 1979 ‚
819 1911 1097 1968 Chazaros
1133 1950 1148 1978 ,
1211 1905 1399 1983 szffos,
1499 1904 1818 1978 Fggehardo
1862 1905 2126 1975 Vragienfi
2175 1907 2272 1975 (9)
2300 1947 2317 1976 ,

545 1999 784 2070 Pezinegi
834 2011 887 2051 et
936 1997 1170 2055 Pecenati
1200 2036 1215 2064 ,
1257 1993 1468 2049 Pedenei
1496 2034 1510 2057 ‚
1558 1992 1761 2047 Pedinei
1819 1991 2100 2061 Pezineigi.
2184 1989 2321 2045 Mo·-

548 2084 719 2139 nacho
771 2083 957 2136 Trium
1011 2082 1262 2135 Fontium
1313 2083 1439 2146 (10)
1478 2079 1800 2145 Pezenatae‚
1843 2075 1976 2130 forte
2003 2075 2315 2133 Pezenacae.

549 2167 655 2224 Hic
715 2168 787 2222 est
835 2167 923 2221 ille
976 2166 1195 2238 populus
1243 2164 1463 2222 Rufficis
1522 2161 1882 2218 monumentis
1941 2172 1995 2213 et
2053 2161 2321 2218 Polonicis

550 2253 836 2307 celebratns
885 2244 1198 2306 I‘querffiru
1248 2250 1512 2320 Peczenigi
1539 2289 1555 2318 ‚
1607 2246 1688 2300 seu
1747 2260 1806 2300 vt
1859 2261 1995 2300 nunc
2046 2248 2100 2300 in
2128 2247 2322 2303 Verai-

549 2337 635 2392 nia
687 2355 714 2392 a
775 2335 930 2390 Slauis
980 2336 1308 2407 pronunciari
1356 2336 1512 2389 audio
1570 2330 1853 2387 Peczenihi.
1944 2328 2089 2386 Gens
2138 2322 2324 2405 dignm

548 2424 697 2476 cuius
744 2438 824 2476 res
871 2423 1136 2493 aliquanto
1185 2421 1469 2474 accuratius
1516 2418 1876 2488 explicentur:
1929 2435 2064 2472 nunc
2113 2413 2318 2474 tantum

542 2506 740 2562 horum
767 2504 1089 2578 ‘temporum
1140 2507 1381 2576 regiones
1408 2503 1750 2559 Patzmacicas
1776 2501 2098 2557 definiemus.
2172 2504 2316 2580 Quas

554 2592 797 2663 regiones
857 2606 1007 2646 antea
1068 2591 1380 2657 tenuerint,
1443 2600 1500 2640 vt
1550 2587 1671 2659 puisi
1721 2589 2016 2643 traiecerint
2063 2588 2318 2660 Tanaim,

553 2676 701 2751 supra
762 2676 1010 2732 diximus·
1111 2674 1272 2731 Nunc
1321 2674 1386 2728 ab
1435 2671 1623 2728 Alania
1674 2673 1922 2728 distabant
1969 2672 2060 2728 sex
2111 2675 2319 2730 dierum

2097 2759 2320 2829 itinere,

610 2884 670 2927 (ὅ)
699 2890 738 2929 p.
766 2888 831 2929 9²·
869 2878 932 2918 ed.
962 2876 1139 2917 Reuben.
1194 2880 1248 2928 (9)
1282 2889 1322 2929 p.
1357 2884 1451 2927 μυ.
1481 2885 1573 2912 zze.
1608 2888 1700 2927 451·
1757 2882 1842 2921 (ιο)
1872 2887 1912 2926 p.
1941 2885 2034 2926 225.
