2472 3554
470 171 596 250 4:24
1090 163 1653 231 OBSERVATIO

469 336 589 392 Hoc
632 340 814 388 centro
858 326 1102 400 radioque
1143 333 1355 384 vmbrae
1398 330 1435 385 fi
1481 329 1786 385 describatur
1853 340 1998 380 arcus
2038 320 2245 396 Ax13;

470 419 835 480 habebuntur,
898 413 1065 486 phasis
1118 414 1488 469 obscurationis
1533 411 1818 487 AxBQ‚
1878 411 2069 483 positio
2140 413 2250 466 eius

473 502 698 576 respectu
739 498 1002 553 verticalis
1047 497 1097 551 V
1125 499 1163 553 P
1205 511 1258 552 et
1303 500 1473 554 diurni
1520 499 1646 554 DK
1674 539 1691 566 ‚
1744 497 1879 550 ratio
1932 497 2079 572 Qx:
2139 495 2253 570 Qq

473 592 553 644 seu
610 587 746 640 ratio
802 586 958 656 partis
1013 582 1259 637 diametri
1317 584 1467 638 lunae
1519 585 1808 639 obscuratae
1863 582 1927 635 ad
1995 583 2253 652 integram

478 675 827 737 diametrum,
870 669 975 723 hoc
1023 667 1095 721 est
1140 670 1393 739 quantitas
1433 669 1639 740 phaseos
1684 665 2094 738 obscurationis;
2159 681 2252 720 nec

479 775 590 814 non
632 755 866 811 distantia
909 763 1208 809 centrorum
1253 752 1403 807 lunae
1443 767 1498 808 et
1539 755 1755 809 vmbrae
1809 750 1865 806 D
1893 746 1966 805 Z.

639 927 685 995 ξ.
736 940 831 982 12.
877 923 987 981 Hae
1029 915 1413 996 dedustione5‚
1468 923 1591 980 licet
1644 925 1762 980 data
1822 923 2002 979 omnia
2055 923 2154 979 rite
2207 919 2257 977 se

485 1007 746 1081 habeant,
792 1011 969 1083 phases
1011 1010 1222 1066 exaretas
1269 1012 1504 1066 nondum
1533 1010 1720 1065 sistunt.
1805 1009 2037 1064 Exuet-ae
2077 1005 2260 1077 effent,

486 1099 522 1153 si
570 1096 858 1170 peripheria
929 1096 1146 1152 vmbrae
1192 1096 1244 1149 A
1270 1093 1377 1149 xB
1425 1096 1617 1148 interea
1661 1096 1942 1166 temporie,
1987 1097 2112 1148 dum
2142 1109 2264 1147 cor—

485 1200 584 1237 nua
631 1182 715 1251 A,
762 1179 844 1251 B,
888 1178 1034 1235 filum
1081 1179 1402 1234 horizontale
1449 1179 1742 1249 traiiciunt,
1792 1181 2018 1232 immota
2073 1176 2261 1232 fuiffet.

485 1269 583 1323 Ast
627 1283 747 1319 cum
795 1266 976 1320 vmbra
1021 1278 1197 1318 reuera
1242 1263 1339 1316 isto
1384 1265 1641 1334 temporis
1668 1264 1961 1334 ¹>interuallo
2008 1265 2133 1315 intra
2160 1263 2265 1317 dis-

488 1367 614 1407 cum
668 1350 818 1403 lunae
867 1349 1248 1420 progrediatur,
1296 1364 1458 1401 cornu
1507 1346 1707 1414 sequens
1767 1364 1868 1415 non
1924 1346 2153 1418 amplius
2212 1347 2267 1400 in

494 1453 562 1491 eo
606 1433 933 1507 peripheriae
976 1431 1097 1486 disci
1139 1431 1330 1484 lunaris
1376 1431 1500 1483 loco
1555 1429 1732 1485 haeret
1761 1472 1775 1499 ‚
1835 1432 2037 1500 quando
2096 1433 2157 1485 ad
2201 1428 2272 1484 fi-

497 1521 606 1575 lum
654 1517 980 1572 horizontale
1023 1515 1270 1587 appellit,
1316 1514 1401 1567 vbi
1445 1516 1499 1566 in
1546 1515 1645 1567 isto
1689 1515 1945 1585 temporis
1990 1528 2271 1569 momento

499 1605 712 1670 extitit,
756 1619 861 1674 quo
904 1616 1061 1655 cornu
1110 1600 1420 1671 praecedens
1466 1599 1527 1651 ad
1571 1598 1721 1652 filum
1766 1597 2085 1652 horizontale
2113 1616 2274 1672 appu·-

499 1688 578 1744 lit.
665 1687 778 1743 Hac
822 1687 924 1739 loci
965 1684 1253 1738 mutatione
1297 1699 1460 1737 cornu
1504 1681 1714 1754 sequens
1757 1683 1944 1754 priuati
1987 1682 2168 1749 debet,
2213 1695 2275 1737 vt

501 1772 678 1846 phases
718 1769 927 1825 exad‘tae
968 1768 1240 1842 prodeant.
1330 1767 1481 1821 Hunc
1527 1768 1580 1820 in
1630 1765 1789 1821 finem
1836 1764 2038 1821 schema
2077 1765 2277 1839 eclipsis

502 1854 779 1929 praesentis
823 1852 936 1909 satis
980 1852 1220 1924 amplum
1266 1852 1431 1906 modo
1474 1850 1723 1904 consueto
1771 1850 2060 1920 construxi,
2102 1853 2278 1923 requi-

502 1940 603 1996 fitis
644 1940 708 1994 ad
756 1938 887 1993 istud
930 1955 999 1993 ex
1042 1936 1237 1992 calculo
1282 1953 1374 2009 per
1395 1934 1530 1989 Tab.
1591 1934 1783 1989 astroni
1845 1935 2037 2007 petitis,
2121 1933 2280 1990 Inue-

504 2025 681 2097 stigaui
724 2024 909 2085 deinde
953 2022 1130 2096 phasea
1171 2039 1240 2077 ex
1283 2020 1642 2077 obseruatione
1669 2035 1761 2090 per
1826 2019 2141 2075 methodum
2179 2018 2280 2074 ha-

510 2111 691 2165 ‹stenus
734 2110 1014 2177 traditam,
1064 2107 1230 2163 sumta
1278 2106 1498 2162 umbrae
1541 2104 1929 2159 semidiametro
1975 2121 2043 2159 ex
2084 2100 2280 2160 calculo

511 2195 670 2266 eaque
717 2210 785 2247 ex
828 2195 945 2249 data
993 2194 1193 2248 ratione
1238 2191 1609 2246 semidiametri
1651 2187 1798 2244 lunae
1824 2189 1887 2243 ad
1912 2190 2117 2245 radium
2155 2207 2283 2246 vm-

512 2280 634 2334 brae
681 2280 885 2334 reduffta
931 2280 994 2333 ad
1039 2293 1207 2351 partes
1249 2276 1371 2331 disci
1426 2275 1616 2330 lunaris
1646 2315 1662 2341 ‚
1716 2289 1809 2346 per
1863 2291 1981 2346 quas
2034 2275 2282 2332 hactenus

512 2363 674 2419 discus
728 2364 878 2418 lunae
932 2363 1199 2434 expositus
1252 2361 1363 2416 suit.
1444 2360 1552 2414 Has
1605 2357 1781 2430 phases
1834 2370 2079 2433 tanquam
2133 2375 2283 2416 veras

513 2447 761 2502 schemati
807 2449 1021 2519 Eclipfis
1066 2447 1358 2502 constructo
1400 2445 1640 2517 applicui.
1729 2444 1932 2520 Quibus
1971 2444 2116 2501 fastis
2149 2447 2282 2501 circa

516 2533 732 2603 fingulas
763 2600 767 2602 ‚
794 2533 970 2606 phasts
1027 2544 1279 2607 promoto
1335 2531 1553 2586 vmbrae
1602 2541 1783 2583 centro
1840 2530 1894 2583 in
1948 2532 2118 2586 orbita
2177 2532 2288 2586 eius

518 2616 623 2671 visa
679 2618 894 2682 (habito
939 2619 1088 2673 lunae
1134 2617 1256 2672 loco
1299 2617 1566 2682 immoto)
1626 2629 1722 2686 per
1781 2626 1982 2671 tantum
2035 2615 2285 2688 spatium,

515 2714 760 2771 quantum
808 2703 1089 2757 interuallo
1131 2702 1389 2772 temporis
1430 2701 1564 2753 inter
1614 2697 1848 2771 appulsus
1906 2717 2162 2757 cornuum
2218 2701 2285 2756 ad

520 2784 669 2840 filum
715 2786 1044 2842 horizontale
1085 2787 1391 2862 respondet,
1434 2785 1694 2857 cognom,
1749 2785 1956 2858 qualem
1998 2785 2105 2841 loci
2160 2801 2287 2839 mu-

2031 2869 2288 2928 tationem
