2472 3554
391 212 421 224 ff
486 197 566 246 ’88
653 188 764 246 DE
808 178 1466 244 CONSTRVCTIONE
1509 173 2109 259 AEQJMTIONVM.

637 352 680 417 §.
728 367 785 415 4.
828 346 1087 417 Aequatio
1133 355 1309 397 autem
1356 339 1642 396 modularis
1689 339 1789 393 erit
1837 340 1922 392 vel
1956 340 2270 400 differentia«

485 436 552 491 lis
603 436 759 506 primi
809 436 997 504 gradus
1045 430 1132 484 vel
1181 429 1388 483 secundi
1437 427 1521 481 vel
1572 427 1710 479 tertii
1765 424 1851 477 vel
1876 425 2079 479 altioris
2104 431 2276 483 cuius-

483 523 640 587 dam,
694 535 849 590 prout
900 517 1100 571 functio
1151 515 1189 569 P
1235 514 1387 581 {uerit
1440 524 1760 584 comparata.
1850 511 1938 565 Ad
1978 513 2117 582 quod
2155 513 2274 584 dig-

484 606 807 661 noscendum
860 618 913 657 et
960 601 1123 675 ipsam
1181 601 1547 672 aequationem
1610 598 1939 652 modularem
1999 598 2275 651 inuenien-
2323 650 2330 653 ,.

483 695 629 758 dam,
683 701 897 761 oportet
942 688 1205 761 sequentes
1253 686 1563 757 quantitates
1611 700 1681 736 ex
1738 683 1777 736 P
1830 680 2072 735 definire.
2156 682 2276 736 Pri-

487 794 585 832 mo
636 775 831 834 scilicet
864 773 1238 828 differentietur
1288 771 1326 825 P
1365 769 1532 841 posito
1566 786 1603 822 x
1639 769 1904 822 constante
1940 781 1992 821 ct
2035 783 2069 822 a
2104 769 2278 822 varia-

487 862 613 925 bili,
659 861 868 931 hocque
902 857 1244 913 differentiaie
1277 873 1370 927 per
1407 854 1484 907 da
1518 852 1734 908 diuitum
1763 853 1820 908 fit
1846 854 1918 928 Q
2009 853 2154 907 Tum
2179 869 2280 907 eo-

488 949 612 1001 dem
665 949 832 1001 modo
868 946 933 1018 Q
959 941 1336 996 differentie‘tur
1384 938 1552 1008 pofito
1594 956 1627 991 a
1667 952 1865 993 tantum
1904 939 2182 1008 variabili,
2225 952 2280 993 et

488 1030 830 1085 differentiale
879 1043 970 1096 per
1012 1027 1097 1077 da
1144 1023 1434 1089 diuidaturt,
1493 1023 1631 1091 quod
1695 1027 1868 1094 prodit
1922 1036 2145 1095 ponatur
2202 1025 2275 1081 R.

487 1117 654 1170 Porro
694 1111 849 1168 simili
886 1109 1056 1163 modo
1093 1105 1496 1161 differentiando
1536 1107 1585 1161 R
1645 1119 1699 1160 et
1748 1125 1840 1178 per
1876 1111 1954 1163 da
1992 1110 2277 1165 diuidendo

487 1202 690 1253 orietur
739 1214 876 1251 noua
939 1195 1190 1265 quantitas
1245 1190 1326 1260 S,
1365 1206 1440 1243 ex
1486 1190 1685 1262 hacque
1725 1193 1942 1246 ‘vlterius
1977 1197 2065 1264 T,
2101 1194 2148 1246 V
2173 1208 2274 1249 ete.

490 1285 700 1340 Omnes
747 1299 874 1353 ergo
912 1279 1013 1334 hae
1061 1279 1370 1351 quantitates
1416 1277 1506 1350 Q,
1548 1277 1633 1345 R,
1674 1273 1748 1346 S,
1786 1277 1836 1329 T
1890 1290 1990 1333 ete.
2042 1296 2112 1333 ex
2162 1281 2279 1336 data

490 1371 761 1426 functione
797 1369 835 1422 Ι)
874 1379 1024 1419 erunt
1058 1365 1318 1436 cognitae.
1400 1362 1629 1416 Hisiam
1670 1352 2204 1437 inuentis'pofit‘oque
2245 1384 2280 1421 a

489 1459 678 1513 iterum
740 1453 1002 1507 constante
1034 1493 1048 1518 ,
1091 1451 1128 1504 fi
1173 1450 1327 1503 fuerit
1356 1441 2054 1522 sde-zasde—i—K,
2106 1450 2193 1504 vbi
2245 1471 2279 1506 α

489 1555 749 1611 vtcunque
783 1541 964 1592 datum
999 1534 1099 1589 effe
1149 1535 1317 1607 potest
1351 1551 1443 1606 per
1491 1551 1525 1588 a
1569 1547 1623 1587 et
1672 1534 1990 1605 constanteS,
2038 1535 2091 1590 K
2151 1553 2279 1591 vero

488 1629 706 1683 denotat
751 1625 1075 1679 functionem
1127 1635 1488 1694 quamcunque
1525 1636 1595 1673 ex
1633 1636 1701 1683 a,
1751 1637 1788 1675 x
1835 1633 1888 1673 et
1936 1622 2285 1677 constantibus

490 1713 811 1782 conflatamz,
860 1722 972 1764 tum
1012 1708 1253 1780 aequatio
1288 1704 1584 1761 modularis
1617 1706 1718 1758 erit
1764 1705 2121 1760 differentialis
2169 1706 2286 1778 pri-

494 1800 574 1856 mi
608 1801 823 1870 gradus,
874 1812 1001 1870 quae
1025 1811 1093 1847 ex
1120 1794 1208 1848 illa
1229 1793 1521 1860 obtinetur,
1543 1791 1585 1845 fi
1612 1786 1794 1864 locos
1801 1792 1837 1845 P
1851 1792 1934 1847 dx
1965 1791 2285 1846 substituatur

457 1894 461 1903 ¹
494 1929 529 1967 z
572 1928 624 1966 et
658 1890 898 1982 ἪΜΞ
939 1907 1060 1960 loco
1085 1898 1291 1979 sde.
1376 1902 1501 1958 Erit
1541 1919 1670 1973 ergo
1707 1901 1948 1973 aequatio
1995 1900 2284 1954 modularis

493 2027 626 2082 haec
675 2006 1287 2097 dLJQPdffizaz-i—K,
1376 2016 1526 2071 Haec
1573 2033 1703 2070 vero
1743 2015 1998 2086 quantitas
2034 2015 2115 2082 K,
2161 2015 2281 2086 quia

496 2113 781 2185 quantitate
818 2107 1081 2164 constante
1127 2120 1433 2177 quacunque
1489 2103 1659 2173 potest
1713 2101 1886 2171 augeri
1939 2099 2028 2154 vel
2075 2099 2283 2170 minui,

496 2201 570 2253 ita
613 2198 685 2250 est
727 2194 1047 2267 accipienda,
1093 2204 1153 2243 vt
1198 2189 1464 2243 euanescat
1503 2188 1683 2259 posito
1724 2201 1941 2253 ,76:0,
1989 2183 2023 2237 fi
2067 2185 2281 2254 quidem

497 2281 751 2353 integrale
793 2282 947 2351 ipsius
988 2277 1121 2330 de
1164 2276 1235 2327 ira
1278 2274 1444 2343 accipi
1487 2273 1708 2341 debeat,
1759 2282 1823 2324 vt
1868 2267 2137 2323 euanescat
2177 2287 2286 2342 po-

500 2368 600 2424 sito
645 2382 859 2435 ³6:03
911 2361 1051 2432 quod
1095 2362 1147 2410 in
1192 2357 1515 2427 sequentibus
1570 2368 1826 2427 perpetuo
1881 2353 1950 2406 est
2006 2353 2286 2409 obseruan-

498 2454 642 2508 dum.
733 2449 885 2503 Loco
930 2447 976 2501 K
1025 2460 1152 2514 ergo
1197 2441 1399 2513 semper
1441 2440 1590 2493 scribi
1637 2439 1831 2512 poterit
1872 2437 2066 2510 Ku-C,
2110 2443 2283 2515 estque

500 2536 546 2592 C
585 2529 874 2610 quantitas,
919 2546 1049 2604 quae
1093 2528 1296 2601 prodit,
1337 2527 1371 2581 fi
1418 2527 1473 2579 in
1518 2525 1567 2581 Κ
1612 2538 1834 2597 ponatur
1879 2541 2077 2580 35:10.

655 2667 699 2732 ξ.
754 2676 808 2728 ς.
857 2659 912 2715 Si
941 2655 1139 2734 J'de
1177 2674 1287 2712 non
1331 2657 1556 2728 pendeat
1596 2671 1623 2708 a
1658 2649 1868 2724 [de,
1923 2655 2149 2727 ideoque
2188 2669 2284 2709 ae-

501 2751 678 2823 quatio
735 2748 885 2802 huius
941 2746 1141 2800 formae
1174 2737 1848 2819 sdezocsPda·-†-I<
1909 2741 2132 2794 inueniri
2186 2755 2282 2804 ne-
2330 2731 2334 2734 ’

500 2849 675 2910 queat,
704 2832 987 2889 videndum
1017 2832 1120 2902 est,
1162 2847 1287 2885 num
1319 2829 1376 2885 sit
1401 2822 1498 2902 sR
1514 2821 2287 2902 dxzoesde·÷{sde-÷K2

2182 2911 2277 2968 vbi
