2472 3554
481 131 653 208 ‘330
721 118 1342 192 OBSERVATIONES
1380 109 2128 184 METEOROLOGICAE

527 297 684 365 1728
772 290 993 362 Augusti
1129 303 1208 358 14

769 372 1196 453 Septembr.15
1226 436 1256 465 s

1116 468 1193 525 17

1113 544 1199 597 26

1120 640 1200 694 27

1101 729 1185 782 30

781 798 1040 865 Octobris
1109 814 1191 870 14

789 1221 1096 1286 Nouembr.
1106 1235 1184 1272 22

543 1328 701 1386 1729
788 1309 989 1383 Aprilis
1108 1322 1140 1358 2
1155 1320 1180 1358 1

793 1393 1007 1470 Augusti
1107 1393 1178 1445 18

1109 1489 1190 1548 30
1236 1474 1410 1550 Quam
1456 1487 1559 1545 ego
1601 1470 1868 1529 obseruaui
1911 1472 2043 1530 hora
2090 1487 2127 1543 7
2153 1494 2208 1549 p
2225 1492 2306 1535 m

1234 1559 1441 1614 lucente
1485 1557 1655 1613 adhuc
1699 1559 1838 1630 sole,
1884 1560 2053 1616 versus
2096 1565 2308 1635 plagam

1238 1641 1454 1700 NOO.
1503 1644 1685 1698 colore
1730 1646 1886 1700 rubro
1929 1659 1982 1700 et
2028 1649 2312 1717 coerule0‚

1232 1726 1388 1784 Iridis
1433 1726 1587 1782 instar
1641 1728 1947 1801 ludentem3
2001 1749 2131 1802 quae
2185 1747 2315 1787 vero

1241 1829 1351 1869 non
1397 1828 1572 1879 πως,
1625 1811 1707 1866 sed
1765 1813 1927 1867 trabis
1968 1814 2222 1883 longioris
2263 1826 2319 1868 et

1241 1896 1478 1959 ramosae
1496 1938 1511 1967 ,
1550 1896 1709 1971 figura
1736 1898 2007 1968 apparuit,
2033 1913 2321 1968 parumque

1243 1985 1469 2055 durauit,
1498 1984 1768 2055 ingruente
1795 1998 1932 2040 mox
1955 1980 2131 2057 pluuia
2157 1981 2319 2055 larga.

809 2071 1115 2156 septembr.
1155 2085 1230 2126 10
1524 2078 1533 2085 ·
2214 2096 2217 2099 ·

1157 2175 1227 2214 11

810 2246 1121 2310 Nouembr.
1196 2256 1225 2311 5
1264 2240 1366 2304 De
1415 2258 1514 2316 qua
1556 2235 1764 2300 Clarifl‘.
1811 2238 1874 2294 de
1915 2237 2143 2297 Mairan
2177 2235 2325 2307 dicit,

1273 2329 1412 2404 quod
1463 2326 1618 2381 fuerit
1679 2324 2024 2397 remarquable
2100 2335 2206 2398 par
2260 2337 2324 2376 un

1257 2412 1437 2487 grand
1476 2412 1632 2467 ceule
1667 2427 1759 2466 ve}
1761 2409 1912 2476 ϊὶσαῖ,
1951 2400 2094 2482 quil'
2131 2423 2330 2465 accom-

1260 2499 1486 2575 pagnoit.
1547 2513 1669 2571 pag
1720 2508 1855 2565 197.
1902 2495 2017 2550 Le.

574 2604 737 2667 1730
821 2585 1050 2646 Ianuarii
1183 2598 1213 2656 5

817 2672 1089 2737 Februarii
1170 2691 1214 2742 4
1259 2666 1564 2724 Memorata
1607 2682 1812 2739 quoque
1853 2681 1881 2720 a
1926 2661 2224 2721 Clarisfimo
2267 2660 2334 2718 de

1257 2753 1330 2812 M
1335 2754 1517 2825 curan,
1584 2753 1669 2808 cui
1737 2752 1977 2829 apparuit
2039 2767 2168 2808 avec
2234 2763 2327 2801 une

2136 2832 2331 2894 ‘bande
