2472 3554
526 174 615 243 36
775 165 882 225 DE
930 151 1694 222 COMMVNICATIONE
1737 153 2013 216 MOTVS

507 326 794 400 *utrumque
843 340 1032 397 corpus
1074 322 1314 377 exercitis
1353 316 1681 374 coniunstim
1730 314 1909 368 sumtis
1959 315 2120 369 oritur
2166 332 2300 372 mo·-

513 429 593 471 tus
641 416 916 482 Vtriusque
931 410 1169 480 corporis
1202 407 1314 479 post
1348 403 1670 458 conflictum.
1760 400 2161 475 Quamobrem,
2203 418 2301 456 an·-

515 513 729 570 tequam
774 509 951 551 motus
993 494 1363 549 alterationem
1409 506 1480 543 ex
1535 486 1808 541 collisione
1865 485 2142 539 oriundam
2201 488 2299 540 de·-

514 584 802 640 terminaie
847 581 1034 650 liceat,
1078 578 1371 648 inuestigari
1415 574 1603 642 debet,
1646 572 1850 643 qualem
1900 568 2144 624 effe-ecum
2183 571 2300 626 data
2364 603 2367 605 -

514 670 756 743 potentia
804 670 859 723 in
902 667 1026 720 dato
1071 664 1264 737 puncto
1309 661 1520 732 corpori
1563 660 1844 728 cuicunque
1882 656 1982 711 siue
2019 655 2303 727 quiescenti

513 756 623 812 fiue
667 767 824 808 moto
869 751 1119 823 applicata
1168 749 1419 820 producat
1462 746 1584 798 dato
1624 756 1884 813 tempore.
1976 742 2042 795 In
2069 739 2176 794 hoc
2202 757 2301 796 ve·-

510 857 580 896 ro
627 840 849 910 negotio
906 838 1197 889 etiamnum
1257 847 1494 885 caremus
1560 827 1923 881 sufficientibus
1992 821 2295 899 principiis;

513 942 644 996 quae
692 925 836 976 enim
884 920 1141 973 hibentur
1186 929 1238 968 et
1282 915 1397 966 sitis
1440 926 1565 964 nota
1610 912 1719 965 sunt
1777 912 2061 984 principia,
2122 913 2301 984 quibus

512 1011 871 1080 potentiarum
909 1000 1311 1053 sollicitationes
1353 995 1558 1049 definiri
1601 995 1795 1066 solent,
1843 1015 1901 1051 ea
1947 1010 2147 1052 tantum
2175 1013 2303 1051 cor-

506 1090 723 1165 poribus
770 1085 974 1139 infinite
1018 1085 1185 1156 paruis
1201 1075 1338 1135 sunt
1381 1039 1817 1148 accommodans,
1874 1094 2024 1152 atque
2069 1084 2133 1138 ad
2175 1099 2302 1137 cor-

508 1192 643 1249 pora
687 1171 864 1227 finitae
902 1167 1282 1240 magnitudinis
1324 1164 1568 1238 applicari
1609 1165 1838 1218 omnino
1873 1179 2163 1238 nequeunt,
2209 1167 2302 1223 nifi

511 1259 738 1315 direc‘tio
775 1257 1052 1329 potentiae
1095 1252 1406 1306 sollicitantis
1451 1266 1541 1321 per
1584 1260 1820 1302 centrum
1869 1253 2134 1319 grauitatis
2178 1270 2304 1307 cor-

502 1345 655 1420 poris
689 1353 937 1397 transeat.
1028 1340 1203 1410 Atque
1254 1338 1342 1390 iste
1396 1334 1620 1390 descetus
1675 1334 1729 1386 in
1786 1334 1928 1389 causa
1985 1336 2089 1406 est,
2157 1338 2301 1411 quod

510 1429 807 1485 collisiones
850 1427 1051 1499 primae
1095 1435 1296 1478 tantum
1354 1421 1542 1493 speciei
1595 1435 1699 1490 ope
1754 1418 1949 1474 horum
2007 1422 2304 1495 principio-

508 1532 626 1570 rum
684 1512 934 1584 explicari
993 1507 1295 1582 potuerint,
1353 1507 1415 1561 ad
1458 1506 1595 1560 duas
1650 1503 1872 1578 reliquas
1927 1522 2058 1562 vero
2111 1506 2304 1583 species

509 1599 639 1657 haec
682 1598 933 1671 principia
978 1613 1084 1650 non
1127 1591 1398 1647 sufficiant.

660 1752 713 1818 ξ.
769 1753 820 1802 8.
868 1747 1008 1804 ‘Cum
1048 1749 1216 1820 ‘igitur
1247 1766 1366 1803 'non
1404 1747 1481 1801 'ita
1517 1747 1733 1819 pridem
1771 1747 1830 1801 ‘in
1877 1745 2006 1803 haec
2040 1748 2304 1804 desid-era-

501 1847 558 1890 ta
604 1834 944 1890 mechanicae
992 1836 1245 1906 principia
1291 1833 1621 1901 incidissem,
1681 1850 1740 1887 ea
1785 1834 1847 1888 ad
1891 1830 1989 1887 has
2033 1835 2094 1887 de
2139 1834 2301 1887 colli-

510 1921 736 1978 sionibus
792 1921 1113 1992 quaestiones
1168 1919 1433 1974 soluendus
1491 1917 1716 1973 feliciter
1768 1919 2177 1974 accommodare
2231 1919 2302 1972 li·-

510 2008 638 2061 cuit.
727 2005 868 2060 Haec
912 2022 1039 2077 ergo
1086 2005 1338 2077 principia
1385 2005 1648 2077 imprimis
1691 2003 1923 2076 proferre
1953 2017 2006 2058 et
2030 2005 2300 2076 explicare

509 2093 695 2161 decet,
743 2092 1248 2145 demonstrationem
1294 2103 1469 2144 autem
1525 2089 1614 2145 seu*
1669 2089 2019 2154 methodum,
2077 2105 2173 2158 qua
2230 2087 2298 2155 ad

510 2193 572 2230 ea
627 2178 880 2247 perueni‚
937 2176 1222 2230 institutum
1282 2176 1388 2229 hoc
1449 2193 1631 2230 meum
1681 2190 1959 2246 *exponere
2013 2170 2296 2245 prohibet.)

510 2258 598 2314 sed
643 2261 742 2312 alia
798 2259 932 2313 forte
968 2260 1251 2313 occasione
1302 2277 1487 2314 eorum
1531 2260 1810 2313 veritatem
1856 2256 2163 2311 firmiffimis
2205 2257 2304 2311 de-

507 2343 976 2400 monstrationibus
1019 2342 1279 2396 declarare
1324 2344 1517 2397 licebit.
1608 2345 1751 2397 Ante
1795 2330 1975 2394 omnia
2021 2343 2186 2413 igitur
2223 2341 2298 2398 est

430 2461 441 2483 s
496 2429 791 2483 notandum
838 2429 890 2481 in
937 2428 1088 2481 omni
1133 2444 1361 2499 corpore
1404 2427 1666 2498 duplicem
1698 2423 1909 2484 motum
1935 2423 2090 2480 ineffe
2119 2427 2288 2500 posse,

506 2531 731 2586 quorum
778 2513 936 2582 alter,
983 2529 1139 2583 quem
1187 2511 1563 2584 progressiuum
1612 2528 1782 2581 xocO,
1829 2512 1901 2565 est
1948 2525 2125 2567 motus
2167 2519 2298 2568 cen-

508 2601 577 2653 tri
620 2598 920 2670 grauitatis·
965 2597 1117 2651 alter
1148 2615 1278 2652 vero
1324 2610 1535 2675 motus,
1591 2614 1748 2672 quem
1815 2599 2142 2668 gyratorium
2186 2614 2294 2653 vo-

505 2684 673 2754 cabo,
717 2683 939 2737 consistit
983 2683 1039 2736 in
1092 2695 1242 2737 motu
1292 2684 1645 2738 conuersionis
1692 2686 1926 2753 corporis
1968 2685 2102 2739 circ'a
2164 2698 2298 2738 cen-

512 2779 654 2826 trum
701 2769 986 2843 grauitatis
1073 2765 1319 2841 Cognitis
1361 2785 1489 2841 ergo
1540 2782 1652 2824 tum
1704 2769 1993 2827 direstione
2043 2781 2097 2824 et
2148 2767 2295 2822 cele-

702 2857 709 2864 ’
768 2874 786 2880 ··
2135 2853 2290 2911 ritate
