2472 3554
429 229 514 285 -μ
717 210 826 268 DE
874 204 1635 266 COMMVNICATIONE
1684 199 1962 263 MOTVS

593 374 640 439 §.
691 387 783 437 29.
828 368 1234 440 Progrediamur
1275 369 1436 440 igitur
1478 366 1542 421 ad
1581 362 1875 419 collisiones
1900 362 2084 416 tertiae
2106 361 2223 435 spe-

434 459 540 515 ciei
584 456 988 527 inuestigandas,
1032 454 1191 526 fitque
1235 470 1424 525 corpus
1467 451 1809 523 quodcunque
1852 448 1898 503 A
1962 446 2222 519 quiescens

439 547 583 600 cuius
629 538 788 597 maffa
833 541 889 595 sit
931 540 1104 609 :A‚
1150 552 1203 593 et
1245 553 1485 594 centrum
1531 537 1798 608 grauitatis
1842 535 1896 587 in
1939 535 2025 603 A,
2070 533 2125 585 in
2171 532 2224 585 id

441 631 706 702 impingat
750 627 886 680 aliud
934 643 1121 697 corpus
1162 624 1239 693 Β,
1288 625 1431 678 cuius
1475 619 1630 677 maffa
1674 622 1738 675 sit
1782 617 1859 689 Β,
1904 633 1957 672 et
1983 631 2225 672 centrum

439 714 709 788 grauitatis
749 714 801 765 in
847 710 926 783 Β,
971 711 1028 764 sit
1071 711 1290 764 directio
1334 713 1573 780 corporis
1615 705 1660 761 Β
1704 706 1842 759 recta
1900 704 1932 758 ’ἓ
1947 703 1992 759 Β
2056 701 2233 775 paral-

443 801 548 859 lela
596 798 876 854 directioni
921 796 1204 867 impulsuS„
1252 808 1304 848 et
1347 794 1584 847 celeritas
1637 793 1747 845 eius
1805 790 1948 845 ΣΙ).
2039 789 2122 844 Sit
2180 783 2229 840 C

444 899 697 960 punctum
722 881 970 953 impulsus
991 893 1046 933 et
1071 882 1177 935 EF
1211 880 1428 950 planum
1456 891 1755 946 contactus,
1800 878 1863 931 ad
1888 876 2026 947 quod
2061 891 2155 947 per
2180 869 2230 926 C

446 973 662 1026 ducatur
705 966 956 1020 normalis
997 960 1150 1029 GH,
1197 964 1249 1014 in
1291 977 1513 1030 eamque
1557 977 1627 1013 ex
1670 964 1721 1015 A
1768 975 1821 1015 et
1862 959 1908 1015 B
1951 958 2235 1033 perpendi-

373 1067 376 1070 ’
446 1056 561 1111 cula
606 1046 724 1105 AG
771 1061 824 1100 et
866 1045 979 1100 BA
1023 1047 1398 1111 demittantur,
1450 1046 1551 1096 erit
1594 1041 1713 1099 GH
1759 1047 1980 1100 directio
2034 1042 2237 1116 impul-

446 1141 520 1195 sus
564 1133 808 1208 parallela
853 1131 1129 1187 directioni
1176 1144 1353 1183 motus
1395 1127 1431 1180 ’ἓ
1444 1125 1489 1180 Β
1532 1132 1766 1200 corporis
1813 1129 1878 1184 B.
1967 1128 2106 1185 Cum
2134 1130 2240 1200 igi-

450 1236 532 1280 tur
577 1224 630 1274 in
674 1217 927 1274 conflictu
971 1228 1250 1288 Vtrumque
1314 1230 1504 1284 corpus
1561 1226 1805 1283 vrgeatur
1860 1233 1890 1269 a
1944 1218 2031 1285 vi,
2100 1216 2241 1269 cuius

452 1307 680 1367 directio
724 1304 794 1357 est
839 1297 1001 1369 GH,
1052 1302 1266 1373 corpori
1310 1299 1364 1351 A
1416 1299 1685 1353 inducetur
1739 1312 1918 1354 motus
1962 1299 2245 1372 progreffi-

452 1407 550 1450 uus
590 1389 871 1444 secundum
916 1388 1264 1441 directionem
1313 1384 1414 1438 Αα
1456 1385 1758 1456 parallelam
1806 1386 1899 1457 ipsi
1928 1381 2074 1453 HG,
2118 1403 2242 1440 cor-

454 1478 598 1553 poris
638 1473 684 1529 B
728 1491 858 1529 vero
903 1473 1132 1526 celeritas
1178 1469 1491 1542 progreffiua
1535 1470 1566 1524 [1
1610 1472 1661 1524 in
1702 1472 1992 1525 directione
2023 1469 2246 1525 &Emi-

456 1577 675 1631 nuetur,
724 1559 1012 1614 directione
1061 1560 1204 1627 eius,
1252 1557 1366 1629 quia
1412 1556 1482 1609 est
1527 1555 1768 1627 parallela
1814 1557 1906 1628 ipsi
1937 1552 2091 1627 HG,
2137 1573 2248 1610 non

459 1659 679 1706 mutata.
775 1645 996 1715 Vtrique
1043 1661 1173 1698 vero
1222 1642 1437 1712 corpori
1498 1643 1550 1695 in
1606 1641 1856 1703 conflictu
1908 1655 2088 1696 motus
2143 1658 2249 1712 gy-

454 1733 685 1788 ratorius
732 1732 868 1784 circa
914 1745 1071 1784 axem
1131 1727 1438 1783 verticalem
1490 1743 1585 1799 per
1633 1728 1741 1780 eius
1795 1728 2062 1797 grauitatis
2117 1743 2247 1779 cen⁶

458 1831 597 1872 trum
647 1829 1001 1871 transeuntem
1048 1816 1347 1882 inducetur,
1395 1815 1509 1884 quia
1555 1825 1696 1866 recta
1739 1807 1856 1866 GH
1903 1829 1996 1883 per
2022 1811 2252 1864 neutrius

462 1919 702 1958 centrum
744 1903 1008 1973 grauitatis
1053 1903 1250 1956 transit.
1299 1897 1429 1975 *Sit
1472 1915 1599 1969 ergo
1644 1894 1918 1973 Asz,
1966 1892 2248 1963 ΒΗΤ-ἰὴ,

464 1988 667 2060 αἰρῶ
723 1986 970 2060 ὼηωῶἤ
1023 1988 1177 2055 mum
1233 1981 1502 2038 lezk.
1593 1982 1840 2057 Dfflumoe
1913 1981 2249 2036 fitifflnma

464 2075 709 2129 omnium
758 2073 1129 2145 particularum
1175 2074 1229 2126 in
1273 2066 1515 2142 quadrata
1560 2070 1913 2124 distantiarum
1955 2066 2157 2119 suarum
2178 2065 2251 2118 ab

467 2176 569 2213 axe
591 2160 880 2230 gyrationis
923 2159 1389 2232 multiplicatarum
1430 2157 1483 2209 in
1522 2171 1750 2227 corpore
1778 2149 1976 2223 Az-:53
2024 2151 2076 2203 in
2123 2165 2248 2203 cor-

472 2260 602 2316 pore
641 2242 685 2296 B
714 2261 843 2296 vero
889 2263 949 2296 z
977 2247 1049 2300 R„
1808 2247 1812 2250 ’

228 2350 369 2403 Figura
406 2345 446 2385 6.
627 2330 670 2394 §-
727 2344 822 2394 30.
895 2327 1137 2381 Durante
1200 2325 1448 2379 conflictu
1518 2336 1692 2378 teneat
1756 2334 1896 2377 recta
1954 2317 2058 2376 GH
2120 2338 2243 2375 cum

472 2430 764 2485 corporum
813 2414 1003 2465 centris
1043 2413 1308 2482 grauitatis
1351 2412 1402 2462 A
1445 2422 1500 2461 et
1542 2406 1588 2461 B
1638 2408 1784 2462 situm
1840 2409 1891 2465 in
1947 2408 2107 2478 figura
2153 2407 2250 2460 iis-

474 2499 596 2553 dem
640 2497 824 2551 litteris
877 2498 1344 2568 repraesentatum,
1415 2494 1514 2547 erit
1570 2505 1630 2545 vt
1682 2507 1800 2545 ante
1857 2489 2129 2559 ΑΕΖΓ,
2196 2504 2251 2546 et

479 2582 764 2652 ΒΗΤ-ἰ),
812 2594 863 2636 at
906 2599 1024 2635 cum
1072 2583 1128 2635 in
1172 2580 1420 2634 conflictu
1467 2594 1694 2649 corpora
1749 2578 1971 2649 aliquam
2028 2576 2253 2650 impres-

477 2670 678 2725 sionem
719 2668 1000 2721 secundum
1051 2663 1168 2721 GH
1215 2666 1307 2720 fibi
1353 2663 1625 2732 inducant,
1691 2664 1791 2716 erit
1843 2665 2072 2718 distantia
2131 2659 2252 2717 GH

482 2741 661 2808 minor
703 2770 856 2824 qnam
902 2753 959 2821 k,
1009 2753 1067 2807 fit
1109 2753 1266 2823 igitur
1311 2767 1369 2804 ea
1415 2766 1556 2803 :aa
1647 2747 1760 2802 Hoc
1805 2767 1967 2820 porro
2009 2751 2064 2803 in
2122 2749 2249 2802 statu

478 2839 537 2899 fit
583 2839 817 2913 corporis
859 2835 906 2891 B
947 2838 1177 2893 celeritas
1217 2834 1525 2910 progreffiua
1574 2851 1726 2905 zv,
1773 2838 1980 2909 eiusque
2019 2834 2258 2890 celeritas

2081 2936 2250 2991 angu-
