2472 3554
229 137 339 195 DE
373 131 601 197 MVse.
621 128 789 190 ΕΑΒ.
807 118 1032 188 FAVe.
1049 121 1255 180 rme.
1275 126 1598 188 LARYNG.
1615 128 1728 198 &a
1778 145 1846 204 25
1859 150 1890 206 3

304 298 374 352 V.
430 293 719 352 Fasciculos
772 281 1035 349 laterale5‚
1107 281 1208 337 siue
1276 287 1579 342 accefforios
1633 291 1699 346 ad
1758 293 1907 348 orbi-

145 384 375 438 cularem
426 381 690 437 inferiores
731 371 814 428 W
815 357 1024 424 indo-wei
1083 371 1165 431 (1)
1210 384 1261 421 et
1310 375 1414 437 (2)
1469 373 1686 446 Albini,
1777 394 1908 450 quos

145 466 418 523 Inuentori
464 462 720 521 Santorino
764 457 848 523 (3)
890 454 1144 527 inferioris
1187 452 1318 509 labri
1353 460 1670 529 prodzfflores
1723 464 1908 518 nomi-

147 572 270 608 nare
318 553 535 625 placuit,
581 546 641 598 ad
687 537 1040 592 contrahenda
1087 538 1213 592 labii
1252 539 1410 595 latera
1470 543 1742 619 sedemque
1780 565 1902 604 me-

146 641 283 694 diam
329 640 382 691 in
426 636 598 706 priora
643 624 1032 695 producendam
1081 641 1187 677 non
1236 623 1402 680 solum
1465 628 1547 683 sed
1603 645 1656 684 et
1717 650 1906 689 corru-

146 725 367 797 gandam
411 733 524 772 cum
572 709 977 764 semiorbiculari
1013 710 1307 782 conspirare
1334 712 1613 785 existim03
1658 717 1814 788 idque
1841 733 1909 773 eo

146 811 342 881 magis,
384 800 517 873 quod
563 796 648 850 hic
696 807 838 849 tanta
881 795 1153 849 latitudine
1193 811 1301 848 non
1339 798 1676 867 diffundatur,
1723 815 1913 873 quanta

144 895 200 949 in
245 882 641 948 semiorbiculari
686 879 818 934 labri
867 880 1142 953 superioris
1187 880 1447 938 obseruari
1492 882 1640 938 solet.

294 1014 385 1070 VI.
425 1011 649 1069 Musculi
695 1013 946 1086 drgastrici
990 1028 1177 1085 corpus
1224 1011 1483 1085 posticum
1532 1010 1739 1086 semper
1785 1014 1913 1070 vni-

147 1122 256 1163 curn
299 1100 366 1155 est
422 1111 477 1152 et
543 1099 801 1171 simplex·⁷
878 1100 959 1153 sed
1039 1099 1315 1170 postquam
1385 1098 1528 1152 tendo
1591 1100 1909 1158 intermedius

141 1187 372 1260 angulum
422 1184 540 1238 offis
584 1184 793 1253 hyoidis
835 1183 1080 1255 reliquit,
1126 1181 1407 1254 saepiffime
1453 1184 1508 1237 in
1552 1184 1669 1242 duos
1723 1186 1908 1241 distin-

143 1275 245 1332 ctos
285 1282 487 1324 ventres
536 1271 726 1324 iterum
774 1269 1073 1338 dirimitur,
1120 1268 1383 1321 interdum
1444 1268 1498 1321 in
1546 1286 1657 1323 vno
1702 1282 1907 1326 tantum

137 1347 317 1425 latere,
366 1357 626 1411 interdum
692 1356 745 1410 in
802 1353 1060 1409 ambobus
1118 1353 1284 1423 fimul.
1387 1350 1536 1407 Dico
1588 1347 1905 1431 saeptffime3

135 1443 225 1499 vix
271 1442 415 1497 enim
472 1443 607 1497 vllus
652 1441 905 1496 musculus
951 1440 1083 1494 alius
1127 1441 1232 1510 est,
1291 1440 1382 1513 qui
1439 1451 1548 1495 tam
1609 1439 1908 1515 frequentes

131 1528 442 1584 variationes
489 1529 753 1583 admittat.
841 1527 1099 1584 Meminit
1149 1543 1329 1582 earum
1377 1542 1580 1598 quoque
1625 1535 1736 1596 (4)
1783 1525 1902 1584 Cel.

128 1613 355 1672 Albinus.
456 1609 804 1686 Si'vtrinque
851 1615 1079 1685 duplices
1123 1612 1268 1667 sunt:
1335 1610 1447 1665 bini
1495 1611 1771 1667 interiores
1816 1630 1909 1668 ac—

127 1697 328 1754 ceffi›rii
377 1701 463 1755 vel
511 1702 582 1754 ita
629 1701 1074 1772 congrediuntur,
1133 1712 1191 1753 vt
1237 1698 1659 1754 extremitatibus
1711 1698 1809 1753 suis
1851 1699 1909 1754 in

125 1785 286 1858 ipfiim
331 1787 501 1841 menti
561 1787 794 1841 mediam
855 1785 1029 1839 sedem
1098 1783 1416 1857 inserantur3
1482 1783 1570 1837 vel
1626 1795 1907 1856 antequam

127 1873 190 1925 ad
250 1886 491 1926 mentum
558 1873 900 1941 accesserunt,
947 1872 1084 1925 circa
1147 1871 1385 1928 medium
1452 1869 1665 1923 musculi
1724 1868 1907 1940 mylo-

125 1955 339 2027 hyoidis
399 1976 507 2012 non
563 1958 665 2011 sine
738 1971 917 2013 mutua
990 1955 1289 2011 confusione
1359 1954 1680 2009 decuflantur
1713 1998 1728 2027 ,
1811 1956 1908 2027 ita,

128 2055 219 2111 vt,
265 2045 350 2115 qui
397 2062 423 2097 a
471 2044 669 2098 dextris
713 2045 934 2113 incedit,
979 2044 1033 2096 in
1077 2042 1236 2096 latere
1266 2055 1429 2096 menti
1458 2040 1690 2111 sinistrO,
1741 2043 1912 2113 etqui

129 2145 159 2181 a
203 2129 440 2199 sinistriS‚
490 2132 542 2182 in
590 2131 780 2183 dextro
828 2129 987 2184 latere
1031 2127 1313 2199 infigatur,
1370 2127 1534 2180 ambo
1588 2141 1768 2182 autem
1826 2127 1917 2182 sub

130 2217 393 2270 ventrium
444 2205 809 2286 principalium
859 2214 1277 2268 extremitatibus
1319 2212 1714 2267 abscondantur.
1807 2213 1914 2269 Di-

117 2298 360 2371 gastricus
410 2301 803 2370 stylohyoidem
851 2300 1097 2369 rariffime
1143 2317 1250 2353 non
1298 2297 1546 2371 perforat.
1620 2299 1912 2353 Perforatio

83 2420 87 2423 -
133 2397 306 2437 autem
351 2385 409 2438 fit
455 2386 614 2458 longe
671 2388 735 2442 ab
784 2386 901 2440 offis
958 2385 1171 2455 hyoidis
1224 2385 1442 2455 angulo,
1534 2384 1747 2441 Relicto
1806 2383 1913 2438 hoc

131 2468 348 2534 demum
392 2473 604 2544 traiectu
650 2474 805 2527 tendo
851 2473 1052 2527 medius
1103 2472 1167 2526 ad
1214 2471 1414 2538 dietum
1471 2469 1609 2523 hunc
1665 2470 1913 2539 angulum

127 2548 357 2622 accedit,
403 2552 569 2626 ibique
615 2577 708 2630 per
750 2557 1145 2613 commiffuram
1195 2550 1649 2611 membranaceam
1680 2554 1918 2608 firmatus

37 2707 61 2722 .-
131 2640 192 2691 ad
246 2651 480 2692 mentem
508 2643 724 2715 denique
750 2644 1048 2700 reflectitur.
1141 2643 1286 2698 Haec
1313 2640 1643 2697 commiffura
1676 2640 1916 2710 quamuis

130 2721 279 2796 saepe
323 2723 398 2778 nil
461 2725 518 2779 sit
572 2728 663 2783 nisi
718 2731 1022 2787 membrana
1071 2730 1267 2784 tendini
1324 2726 1656 2801 pertinaciter
1715 2723 1913 2778 adhae-

966 2816 1023 2871 Ii
1078 2835 1108 2869 τ’.
1792 2825 1908 2865 rens

243 2922 319 2976 (ι)
347 2924 494 2979 §·596·
554 2924 632 2982 <2>
659 2898 1882 2986 Luam
