2472 3554
453 201 581 273 ¹90&
830 182 939 240 DE
981 170 1465 241 VARIATIONE
1510 167 1801 233 MOTVV
1804 169 1878 230 M

350 375 359 383 ,
438 316 683 374 tionaleS.
775 313 1007 387 Vterque
1053 323 1233 368 motus
1277 311 1333 366 in
1378 324 1486 365 vno
1512 305 1807 378 eodemque
1832 316 2060 376 corpore
2081 299 2236 361 simul

443 402 547 467 effe
588 417 739 476 atque
785 414 1092 473 permanere
1134 398 1332 471 potest,
1376 396 1449 461 ita
1494 406 1553 450 vt
1596 405 1777 448 neuter
1824 407 1853 446 a
1906 402 2100 447 neutro
2154 389 2239 446 af-

446 489 647 547 ficiatur
692 487 928 542 vllamue
971 486 1196 560 patiatur
1242 483 1622 539 mutationem:
1667 492 1790 532 tunc
1833 493 1965 532 vero
2006 491 2130 530 cum
2173 473 2241 549 si-

453 575 566 630 mul
612 574 749 629 adest
796 587 1011 644 vterque
1056 571 1108 623 in
1157 586 1262 624 vno
1308 585 1561 639 corpore,
1607 578 1814 620 motum
1871 563 1992 616 inde
2048 575 2248 634 proue-

458 662 696 716 nientem
744 658 947 714 vocabo
991 657 1230 726 mixtmn3
1281 654 1557 726 aliquando
1601 652 1761 705 etiam
1806 647 2254 710 considerabimus

436 762 670 807 -moturn
713 746 850 804 circa
896 742 1058 801 alsium
1106 756 1300 811 axem,
1351 756 1509 812 quam
1554 737 1643 808 qui
1676 737 1852 790 transit
1886 750 1981 807 per
2006 744 2252 787 centrum

459 833 763 905 grauitatis,
835 829 1078 900 huncque
1146 841 1359 887 mortum
1440 822 1652 880 vocabo
1708 840 1748 892 g
1749 823 2034 891 yratorium
2063 860 2079 888 ,
2158 815 2251 891 qui

463 920 699 990 adeoque
748 913 1131 985 distinguendus
1175 913 1273 964 erit
1322 927 1348 967 a
1393 920 1547 962 motu
1591 908 1873 967 rotatorio:
1936 917 2114 960 motus
2161 919 2258 958 au·-

465 1016 575 1057 tem
623 1001 915 1073 gyratorius
963 995 1128 1067 reipsa
1175 1010 1280 1048 non
1328 991 1502 1048 differt
1543 1012 1572 1050 a
1621 1005 1771 1047 motu
1816 992 1991 1045 mixto
2038 1005 2136 1063 pro
2162 990 2263 1044 da·-

465 1100 524 1141 to
583 1085 837 1157 temporis
891 1080 1121 1154 puuc‘tO,
1175 1079 1600 1151 quandoquidem
1656 1077 1859 1148 semper
1914 1089 2088 1130 motus
2143 1074 2264 1130 affi-

468 1173 627 1246 gnari
664 1169 832 1242 potest
864 1164 1221 1239 *progreffiiuis
1264 1166 1496 1237 aliusque
1540 1164 1857 1231 rotatorius‚
1901 1162 1989 1232 qui
2032 1161 2184 1215 simul
2210 1165 2263 1213 in

467 1273 698 1329 corpore
741 1254 1018 1315 existentes
1076 1267 1184 1303 non
1228 1251 1473 1306 differunt
1520 1267 1613 1323 per
1666 1249 1952 1310 mini-mum
2010 1246 2270 1317 temporis

467 1341 761 1419 spatiolum
810 1358 838 1395 a
880 1348 1031 1392 motu
1074 1338 1379 1406 gyrarorio,
1427 1335 1493 1388 de
1536 1350 1639 1407 quo
1684 1333 1851 1389 sermo
1898 1333 1982 1386 est.

637 1474 681 1539 ξ.
736 1487 791 1537 3.
840 1462 1128 1521 Praemiffis
1172 1462 1274 1516 istis
1321 1462 1715 1518 definitionibus
1758 1464 1864 1517 iam
1911 1464 2140 1517 dicemus
2183 1461 2271 1518 sub

474 1558 784 1633 quibusnam
843 1546 1217 1623 hypothesibus
1281 1547 1556 1620 problema
1625 1550 1855 1603 nostrum
1913 1548 2272 1604 tractabimus.

475 1648 586 1707 Res
641 1643 815 1714 itaque
872 1636 1146 1691 nobiscum
1201 1633 1274 1687 ita
1330 1632 1431 1684 erit
1487 1632 1831 1705 inspicienda,
1890 1635 2026 1704 quasi
2095 1647 2276 1689 motus

475 1744 766 1800 corporum
815 1723 907 1779 fiat
952 1720 1100 1792 super
1146 1717 1306 1790 plano
1352 1715 1676 1772 horizontali
1721 1730 1773 1770 et
1820 1718 2044 1787 perfeete
2100 1719 2275 1788 laeui,

474 1818 550 1873 ita
595 1824 654 1868 vt
699 1822 877 1866 motus
923 1818 1032 1861 tam
1082 1801 1426 1876 progreffiuus
1451 1819 1608 1874 quam
1634 1802 1921 1856 rotatorius
1955 1802 2136 1864 (cuius
2161 1803 2283 1871 qui-

477 1901 607 1956 dem
652 1913 810 1953 axem
861 1907 1119 1966 ponemus
1162 1890 1457 1944 constanter
1500 1887 1986 1960 perpendicularem
2043 1885 2109 1939 ad
2165 1884 2286 1958 pla-

478 2002 612 2042 num
658 1983 819 2050 istud)
881 1977 1075 2048 integri
1131 1974 1534 2040 conseruentur,
1603 1973 1699 2028 nisi
1766 1971 2100 2044 percuffionis
2157 1987 2288 2026 mo-

483 2083 696 2127 mento:
746 2066 836 2122 vel
867 2065 904 2120 s1
952 2064 1123 2117 mauis
1165 2061 1301 2134 quasi
1351 2061 1563 2132 planum
1609 2057 1798 2113 abeffet
1841 2057 2060 2131 ipsaque
2087 2071 2290 2130 corpo-

482 2175 540 2213 ra
585 2155 840 2228 grauitate
889 2145 1053 2209 effent
1098 2147 1334 2201 destituta
1381 2147 1584 2218 solaque
1631 2145 1748 2217 ipsis
1800 2144 1988 2197 inertia
2040 2141 2291 2198 inhaere-

487 2254 586 2297 ret.
676 2240 823 2297 Tum
867 2237 1030 2299 etiam
1077 2233 1356 2294 statuemus
1402 2229 1780 2303 percuffionem
1826 2227 1939 2282 fieri
1972 2229 2025 2290 in
2054 2227 2290 2300 instanti,

488 2325 728 2399 quamuis
780 2319 1090 2393 hypothesis
1147 2317 1241 2372 ista
1299 2318 1522 2371 minime
1582 2312 1864 2379 conueniat
1921 2329 2042 2368 cum
2109 2314 2289 2384 rigore

487 2400 854 2484 geometricO,
905 2405 1081 2476 prouti
1131 2403 1184 2457 id
1229 2419 1296 2456 ex
1339 2401 1450 2473 ipso
1488 2416 1778 2472 corporum
1824 2395 2180 2470 perculsorum
2204 2399 2292 2459 so-

493 2513 567 2552 no
612 2507 665 2549 et
708 2507 778 2546 ex
822 2504 1068 2560 tempore
1112 2488 1444 2552 vibrationis,
1491 2487 1632 2558 quod
1677 2474 1839 2538 cuiuis
1879 2483 2005 2538 sono
2033 2484 2294 2548 conueni-

495 2599 552 2637 re
597 2596 707 2633 non
747 2578 819 2631 ita
856 2575 1059 2648 pridem
1084 2591 1110 2627 a
1140 2569 1451 2627 Geometris
1477 2571 1629 2625 fuerit
1654 2571 2060 2635 determinatum
2081 2611 2096 2640 ,
2143 2569 2296 2631 facile

494 2664 826 2735 intelligitur.
913 2659 1157 2730 Denique
1202 2659 1364 2711 etiam
1412 2673 1669 2728 ponemus
1712 2655 1857 2708 illam
1885 2654 2117 2724 lineam,
2163 2670 2296 2726 quae

494 2769 591 2826 per
633 2748 882 2822 punCtuffl
929 2743 1187 2820 impulsus
1220 2741 1717 2817 perpendiculariter
1758 2742 1953 2797 ducitur
2006 2741 2071 2797 ad
2115 2738 2297 2813 super-

2114 2824 2296 2881 ficiem
