2472 3554
436 169 559 240 XX
1062 177 1220 252 »aete
1300 178 1322 244 )
1365 192 1403 233 0
1449 176 1473 244 <
1552 176 1708 247 aaa«

445 338 707 413 oppidum
754 345 1083 407 procurreret
1125 335 1260 408 quod
1304 352 1427 390 cum
1472 334 1698 406 impigre
1744 327 1946 386 obiisset
1999 329 2064 384 ad
2106 330 2224 388 Re-

441 442 566 497 gem
611 439 729 476 tunc
774 420 942 492 epulis
995 421 1397 474 accumbentem
1443 417 1760 474 intromiffus
1807 418 1876 471 est
1918 427 2224 489 rogatusque
2299 469 2336 477 ,,

440 511 561 581 quid
606 507 809 563 afferret
855 508 919 560 de
960 502 1196 561 hostium
1241 522 1459 561 numero
1503 519 1656 577 atque
1698 504 1915 572 itinere,
1961 502 2227 573 respondit

438 611 655 666 magnas
711 588 812 647 effe
873 591 1092 664 copias,
1148 591 1231 645 sed
1290 591 1361 645 ita
1419 590 1767 663 incomposite
1807 602 1860 643 et
1906 586 2226 658 negligenter

441 699 537 753 per
579 678 836 733 hosticum
879 678 977 731 iter
1014 675 1182 730 facere
1229 687 1285 730 vt
1318 692 1427 730 non
1471 677 1673 731 dubitet
1710 676 1830 748 quin
1871 690 2025 746 parua
2064 686 2226 728 manu

442 765 586 820 fundi
644 763 878 836 poffint‚
933 760 1101 817 modo
1153 761 1256 814 dux
1313 761 1477 816 bonus
1532 761 1675 816 adiit.
1765 759 1877 815 Hos
1922 759 2126 813 animos
2169 767 2226 811 et

441 851 774 924 prudentiam
819 849 873 902 in
914 864 1075 919 puero
1115 847 1417 902 mirantibus
1473 845 1720 901 omnibus
1748 886 1764 916 ‚
1832 845 2037 917 Regina
2072 859 2227 914 prae*

442 939 594 1008 cipua
660 933 1021 989 beneuolentia
1079 929 1346 1002 prosecuta
1387 929 1491 999 est,
1555 932 1764 1001 Regem
1812 929 2091 1002 alloquitur
2135 943 2231 984 ro-

364 1069 368 1075 .
443 1033 633 1092 gatque
668 1031 728 1072 vt
793 1017 1054 1072 Nonnum
1097 1014 1231 1066 inter
1288 1013 1609 1068 honorarios
1653 1015 1970 1070 domesticos
2014 1013 2106 1068 sibi
2148 1024 2231 1069 at·-

170 1680 294 1740 pag.
341 1681 366 1720 1
381 1678 436 1720 0.

180 2543 300 2606 pag.
325 2543 416 2581 11.

443 1106 670 1173 tribuat,
714 1101 768 1154 id
816 1100 1010 1155 mereri
1059 1114 1278 1171 puerum
1324 1110 1481 1152 notae
1539 1098 1825 1154 nobilitatis
1866 1112 1919 1153 et
1963 1099 2070 1154 iam
2113 1098 2233 1171 spe-

441 1190 610 1244 &itae
647 1187 868 1242 virtutis.
957 1184 1119 1260 Quod
1158 1184 1283 1240 Rex
1317 1200 1424 1238 non
1460 1182 1705 1238 conceffit
1740 1183 1906 1238 solum
1943 1182 2027 1239 sed
2065 1185 2229 1238 etiam

442 1290 514 1328 ex
552 1273 659 1345 ipsa
688 1272 870 1326 vxoris
892 1271 1133 1324 oratione
1168 1268 1470 1323 admonitus
1496 1268 1756 1323 nobilium
1793 1268 2231 1324 adolesceentium

442 1360 698 1412 virtutem
741 1354 1176 1425 remunerandam
1220 1350 1322 1408 effe
1363 1367 1417 1408 et
1460 1355 1844 1409 accendendam
1873 1396 1890 1424 ‚
1959 1351 2231 1409 Didacum

443 1442 766 1498 Aluarefium
820 1441 1090 1509 Pyreriam
1140 1442 1227 1511 qui
1272 1455 1375 1493 vna
1419 1457 1541 1494 cum
1599 1438 1806 1495 Nonno
1861 1439 2016 1493 fratre
2058 1438 2233 1494 hostes

440 1528 807 1603 explorauerat
832 1526 890 1580 in
921 1525 1132 1580 suorum
1170 1523 1506 1581 familiarium
1532 1542 1810 1581 numerum
1834 1523 1925 1580 fibi
1951 1521 2240 1597 affumpfir.

598 1657 900 1731 Septimum
956 1658 1230 1712 decimum
1289 1671 1486 1711 annum
1545 1656 1788 1727 attIgerat
1836 1656 2067 1712 Nonnus
2107 1670 2234 1710 cum

443 1745 493 1800 ei
542 1758 688 1816 pater
741 1760 972 1799 vxorem
1025 1743 1148 1797 dare
1203 1742 1452 1795 decreuit.
1556 1740 1758 1796 Verum
1804 1742 1848 1795 is
1884 1759 1914 1795 a
1951 1757 2009 1794 re
2042 1740 2236 1794 vxoria

443 1830 581 1885 haud
606 1847 790 1902 parum
817 1828 1135 1883 abhorrebat
1158 1856 1245 1880 -ψ,
1296 1826 1618 1901 Quarecum
1665 1843 1774 1881 non
1811 1825 2099 1880 minimum
2132 1824 2236 1877 *ne-

445 1917 655 1987 gotium
699 1927 846 1986 pater
889 1912 1144 1968 habuisset
1191 1924 1249 1965 vt
1283 1912 1394 1964 eius
1435 1911 1675 1965 animum
1719 1912 1783 1965 ad
1819 1925 2049 1963 onrem
2092 1908 2237 1962 acci-

448 2000 697 2072 piendam
756 1999 1043 2072 appelleret
1070 2038 1086 2067 ‚
1145 1997 1346 2069 parenti
1401 1995 1618 2049 demum
1673 1996 1961 2067 praeceptis
2007 1993 2238 2065 paternis

448 2084 779 2139 Eleonoram
838 2083 1092 2139 Albinam
1149 2081 1454 2153 primariam
1507 2077 1795 2136 foeminam
1840 2093 1992 2151 atque
2038 2079 2234 2132 admo-

450 2170 576 2224 dum
620 2169 843 2223 diuitem
888 2167 1214 2224 ferdinando
1240 2167 1390 2236 Rege
1415 2166 1620 2236 nuptias
1665 2165 2008 2228 conciliante,
2055 2163 2234 2218 collo-

446 2255 583 2309 cauit
615 2295 630 2322 ‚
683 2269 753 2307 ex
790 2269 894 2327 qno
938 2253 1290 2306 matrimonio
1333 2250 1479 2303 breui
1523 2262 1624 2303 tres
1664 2251 1856 2305 liberos
1896 2249 2153 2321 suscepit,
2202 2264 2232 2302 e

446 2339 629 2411 quibus
685 2340 887 2411 priores
938 2337 1072 2391 duos
1133 2336 1298 2407 stirpis
1341 2334 1506 2389 virilis
1551 2335 1720 2389 statim
1766 2335 1968 2406 amisit3
2020 2334 2231 2387 tertiam

447 2436 624 2480 autem
682 2423 891 2498 prolem
946 2421 1193 2493 sequioris
1240 2419 1386 2473 sexus
1427 2437 1486 2474 ac
1531 2417 1828 2474 Beati-icem
1877 2420 2232 2488 nominatam,

447 2526 570 2563 cum
630 2525 723 2580 per
771 2521 996 2563 aetatem
1053 2506 1245 2573 licuit,
1305 2504 1586 2577 Alphonso
1643 2504 1852 2560 Ioannis
1910 2495 2070 2575 Regis
2117 2502 2232 2558 filio

453 2593 624 2649 notho
670 2594 725 2648 in
771 2592 1173 2649 matrimonium
1217 2591 1362 2644 dedit
1403 2591 1538 2644 vnde
1581 2590 1849 2645 clarislima
1893 2603 2007 2644 orta
2050 2589 2121 2642 est
2146 2588 2233 2642 so-

453 2679 603 2734 boles
655 2680 717 2734 ad
786 2695 944 2752 quam
999 2677 1264 2748 Principes
1315 2675 1549 2730 Lusitani
1607 2689 1874 2747 paternam
1932 2674 2233 2747 originem,

451 2763 643 2824 caeteri
685 2780 871 2822 omnes
908 2762 1015 2822 iere
1060 2773 1354 2819 maternam
1395 2760 1639 2820 referunt.

2110 2892 2230 2949 Non
